3086 5124
135 261 137 268 ’
233 276 274 331 De
293 275 409 331 scholiis
428 276 582 331 Homericis
602 278 638 330 ad
656 278 804 332 historiam
822 277 976 334 fabulerem
995 259 1209 348 pertinentibss.
1246 278 1312 344 435

140 447 244 507 verbs:
274 440 337 506 έςτι
365 443 401 506 δέ
429 447 524 520 νῆςος
546 439 633 529 ζπρὸς
661 449 698 526 τῇ
727 442 841 525 Εὐβοίᾳ
959 443 1084 527 ᾤκηςαν
1112 441 1145 507 δ’
1173 445 1209 508 ἐν
1236 443 1316 529 αὐτῇ

140 532 191 595 καὶ
205 530 358 596 Δόλοπες
379 536 475 611 μοῖρα
494 533 664 596 Θεςςαλιῦν
682 536 849 596 Aristarchi
864 536 994 612 opinioni
1015 556 1139 612 prorsus
1157 537 1315 596 contraria.

141 625 235 701 Atqui
255 624 288 682 in
307 624 426 684 scholiis
450 627 533 686 extat
555 622 575 700 ἡ
599 620 694 699 ἑτέρα
716 621 844 700 ἱςτορία.
882 626 964 695 Quae
988 625 1067 684 enim
1084 621 1205 705 ἱςτορίᾳ
1224 627 1314 688 schol.

139 713 215 772 BLd
238 715 422 791 praescripta
445 718 515 774 sunl
541 711 560 789 ἡ
585 712 620 774 δὲ
649 709 743 788 ἑτέρα
771 709 890 789 ἱςτορία
913 709 979 789 έχει
1003 711 1120 791 οὕτως,
1144 735 1162 774 ο
1184 715 1314 775 librariis

138 806 255 886 lcmcrq
271 822 334 862 esse
353 802 455 864 addita
474 803 541 863 inde
560 805 658 863 elucet
681 803 759 879 quod
782 805 814 861 in
835 804 891 863 hec
914 799 1033 882 ἱςτορίᾳ
1052 805 1256 865 conlrover'sia
1279 805 1314 864 do

140 891 212 950 belli
235 892 356 951 Troiani
378 896 512 969 tempore
533 893 651 952 omnino
674 912 734 951 non
752 894 914 968 lraclslur,
937 912 1013 969 quas
1033 896 1135 953 aulem
1153 893 1314 971 attingitur

137 981 267 1057 volgaris
286 982 403 1058 fabula,
429 982 509 1042 docti
533 982 638 1042 scholii
656 982 741 1041 inilio
760 982 887 1057 carptim
905 982 1061 1041 indicatur.
1095 981 1152 1041 Sed
1171 982 1207 1042 cf.
1226 983 1313 1042 hacc:

271 1066 413 1131 scholii
439 1075 500 1131 765
526 1072 551 1129 Β
581 1068 711 1146 ψευδές·
740 1067 779 1131 οὐ
809 1067 870 1144 γὰρ
900 1066 1041 1132 εἰκοςτόν
1075 1066 1147 1131 ἔτος
1180 1068 1313 1132 δύναται

273 1154 353 1220 είναι
373 1157 406 1222 ἐξ
425 1155 464 1220 οὗ
484 1157 529 1221 εἰς
548 1157 585 1220 τὸ
610 1156 706 1221 Ἴλιον
725 1157 822 1235 ἦλθεν
839 1155 960 1237 Ἑλένη,
981 1155 1065 1232 εἴγε
1086 1159 1236 1235 δεκαετὴς
1255 1158 1313 1234 μὲν

271 1244 289 1308 ὁ
321 1249 380 1310 τοῦ
412 1247 556 1356 πολέμου
586 1245 702 1324 χρόνος
731 1244 936 1323 ὁμολογεῖται
964 1246 1149 1326 γεγονέναι,
1182 1245 1313 1329 εἰκοςτῴ

271 1335 306 1398 δέ
326 1332 538 1400 Ὀδυςςεὺς’
512 1355 557 1400 εις
576 1333 695 1414 Ἰθάκην
714 1335 952 1413 ἐπανελήλυθεν
972 1332 1086 1398 ἔτει(
1072 1336 1187 1414 ρητέον
1210 1333 1282 1398 δε“
1265 1355 1313 1398 οτι

272 1425 348 1488 δέκα
377 1422 431 1502 έτη
460 1422 716 1503 έςτρατολόγουν
745 1423 948 1502 χειμάζοντες
975 1424 1012 1489 έν
1042 1427 1110 1488 ταῖς
1142 1423 1233 1487 ἰδίαις
1263 1445 1314 1486 και

271 1513 424 1590 θέρου(
399 1534 443 1578 εις
458 1512 612 1578 Αὐλίδα’
596 1513 834 1592 αφικνούμενοι.
859 1513 909 1576 καὶ
927 1513 988 1591 γὰρ
1003 1513 1122 1591 ἤκουον
1136 1513 1194 1576 τὸν
1214 1514 1312 1575 πλοῦ-

269 1623 327 1666 τον
350 1603 401 1666 καί
428 1603 523 1682 τῆν’
516 1605 603 1680 ιςχὺν
631 1605 697 1666 τῶν
725 1601 847 1679 Τρώων
870 1603 996 1680 πολλὴν
1020 1601 1131 1679 οὖςαν,
1155 1601 1206 1665 καί
1229 1621 1313 1664 τινες
1340 1640 1343 1646 ·

269 1693 304 1756 δὲ
333 1697 537 1774 παρῃτοῦντο
570 1693 628 1754 τὸν
656 1691 813 1769 πόλεμον·
846 1691 896 1755 καὶ
924 1691 975 1754 διὰ
1007 1694 1104 1755 τοῦτο
1135 1691 1202 1754 έκεῑ
1237 1697 1310 1755 καθ-

268 1783 379 1860 ήμενοι
398 1779 662 1859 ἐςτρατολόγουν.
685 1781 745 1843 νῦν
760 1781 795 1842 δὲ
815 1779 957 1844 εἰκοςτὸν
975 1778 1046 1843 έτος
1065 1778 1149 1843 έςτὶν
1173 1778 1237 1843 ἀπὸ
1257 1784 1313 1857 τῆς

269 1868 415 1948 ἁρπαγῆς
433 1869 573 1949 Ἑλένης,
597 1870 650 1934 ἐπὶ
669 1870 704 1932 δὲ
724 1867 898 1933 Ὀδυςεέως
917 1869 957 1931 τὰ
975 1870 1052 1932 δέκα
1071 1867 1126 1947 έτη
1145 1873 1201 1946 τῆς
1221 1888 1311 1946 ςτρα-

268 1958 418 2035 τολογίας
442 1959 500 2023 οὐκ
525 1958 724 2038 ἀριθμητέον.

268 2050 296 2109 V
320 2048 396 2112 δέκα
418 2048 479 2128 γὰρ
503 2047 558 2127 έτη
582 2047 849 2127 έςτρατολόγουν·

605 2157 743 2234 καμέτην
767 2156 818 2219 δέ
827 2176 878 2233 μοι
900 2154 990 2219 ίππω

392 2243 512 2308 λαὸν
498 2264 665 2326 αγειρουςη
691 2244 736 2326 [Δ
762 2251 801 2308 27
822 2247 879 2324 sq]

269 2348 404 2427 καὶγὰρ
427 2350 547 2428 ἤκουον
570 2353 628 2429 τὴν
652 2351 740 2429 ἰςχὺν
763 2355 829 2415 τιῦν
852 2350 989 2429 Τρώων·

392 2455 526 2534 καὶγὰρ
550 2455 663 2536 Τρῶάς
686 2477 763 2536 φατι
786 2457 929 2536 μαχητάς
954 2457 1097 2541 [c261]·

268 2564 411 2626 πλοῦτον
434 2562 475 2645 [Ω
495 2562 586 2645 543]·

388 2669 438 2733 καί
458 2690 490 2734 ςε
509 2671 608 2749 γέρον
622 2671 660 2734 τὸ
680 2672 754 2750 πρὶν
770 2673 827 2750 μέν
846 2671 1005 2752 ἀκούομεν
1023 2671 1135 2752 ὄλβιον
1155 2672 1243 2740 εἶναι.

268 2775 366 2840 τὰδὲ
390 2778 589 2840 δέκαταῦτα
613 2776 667 2856 έτη
692 2777 868 2857 ἐχείμαζον.
895 2778 973 2844 ὅθεν
997 2779 1060 2843 πού
1084 2799 1193 2860 φηςιν·

604 2885 753 2969 έεικοςτῷ
777 2885 912 2970 ἐνιαυτῷ
937 2885 970 2968 [β
996 2888 1072 2966 175]

267 2987 342 3052 ἴςως
369 2988 550 3069 Ἁλιθέρςου
576 2999 613 3076 τῇ
643 2991 791 3074 ὑςτεραίᾳ
818 2991 1044 3071 παραχειμάςει
1076 2997 1174 3057 τοῦτο
1203 2993 1308 3058 εἰπόν-

268 3099 331 3142 τος.
356 3078 408 3142 διὰ
431 3083 528 3143 τοῦτο
553 3080 583 3144 οἱ
606 3081 663 3159 μέν
687 3080 777 3159 μόγις
803 3080 993 3159 έςτράτευον
1016 3081 1060 3146 circ
1080 3080 1257 3160 ’οδυςςεύς,’
1278 3083 1310 3147 oi

268 3168 303 3231 δὲ
327 3172 531 3250 παρῃτοῦντο
559 3169 604 3233 ὡς
628 3169 813 3249 Ἐχέπωλος
842 3171 885 3252 [Ψ
909 3169 1004 3252 296]·
1037 3172 1069 3236 οἵ
1091 3192 1125 3236 τε
1151 3170 1308 3250 Ἀτρεῖδαι

269 3254 313 3320 δι’
331 3256 458 3321 ἑαυτῶν
477 3257 679 3339 έπρέςβευον,
707 3265 744 3343 τῇ
773 3261 809 3322 δ“ε
841 3261 917 3323 τοὺς
941 3260 1013 3337 περὶ
1047 3261 1189 3338 Νέςτορα
1212 3259 1308 3337 έπεμ-

148 3363 152 3368 ’
267 3365 331 3408 πον
351 3345 389 3427 [Λ
409 3354 426 3410 7
432 3353 472 3409 67
488 3346 555 3429 sq.].
583 3350 772 3426 γεγέννηται
791 3347 851 3412 οὖν
870 3347 889 3411 ὁ
909 3348 1136 3425 Νεοπτόλεμος
1154 3349 1227 3426 περὶ
1248 3351 1307 3428 τὴν

269 3434 401 3512 πρώτην
424 3433 538 3500 ἔξοδον
552 3435 597 3500 ὡς
612 3436 692 3501 είναι
708 3437 807 3501 αὐτὸν
822 3431 866 3515 ιη’
881 3438 1017 3520 ἐνιαυτῷ
1029 3459 1046 3497 ι
1060 3433 1110 3520 *1)
1124 3437 1311 3517 Τηλέμαχος

268 3521 491 3601 Πειςίςτρατος
510 3527 722 3604 Μεγαπένθης
746 3524 901 3604 Ὀρέςτης.
935 3525 1171 3604 παρεχείμαζον
1190 3526 1249 3590 οῦν
1272 3527 1309 3590 ἐν

267 3615 338 3674 ταῖς
361 3611 453 3676 ἰδίαις
475 3615 527 3677 καί
554 3617 667 3693 θέρους
691 3615 735 3678 εἰς
759 3614 878 3680 Αὐλίδα
902 3613 1109 3694 ἀφικνοῦντο.
1136 3614 1211 3679 τότε
1234 3613 1309 3678 ἴςως

268 3700 320 3764 καί
346 3700 467 3780 (κῦρον
490 3702 575 3767 ἑλὼν
600 3704 828 3782 Νεοπτόλεμον
852 3704 1000 3781 έποίηςεν
1024 3701 1195 3781 Ἀχιλλεύς.

133 3796 247 3855 Eadem
270 3792 410 3853 breviora
433 3798 522 3872 alque
546 3816 565 3855 a.
584 3797 762 3875 magistellis
786 3797 961 3874 Byzantinis
988 3796 1183 3872 pessumdato
1205 3796 1310 3872 legun-

134 3888 185 3944 tur
215 3885 247 3943 in
279 3882 398 3942 scholiis
431 3878 658 3968 Homeisnisll,
694 3888 745 3946 ubi
778 3890 880 3946 lamen
913 3889 1017 3945 exient
1046 3904 1140 3960 pauca
1172 3904 1248 3961 quse
1280 3885 1311 3943 in

133 3974 240 4034 celeris
267 3972 340 4032 locis
369 3972 561 4034 interierunt:
593 3972 625 4036 οἱ
657 3974 716 4051 μὲν
745 3972 899 4050 νεώτεροι
929 3971 995 4034 ἐκεῖ
1026 3971 1085 4033 τὸν
1119 3968 1310 4049 παρθενῶνά

134 4079 230 4139 φαςιν
249 4056 327 4123 ἔνθα
348 4059 408 4122 τόν
426 4055 574 4137 Ἀχιλλέα
597 4062 633 4124 έν
657 4063 819 4139 παρθένου
840 4063 970 4140 ςχήματι
995 4067 1032 4144 τῇ
1052 4059 1230 4141 Δηιδαμείᾳ
1249 4079 1309 4122 πα·

134 4148 341 4226 ρακλίνουςιν.
375 4146 394 4209 ὁ
422 4149 457 4210 δέ
489 4152 622 4228 ποιητὴς
650 4152 792 4230 ἡρωικῶς
828 4149 1013 4214 πανοπλίαν
1047 4149 1147 4212 αὐτὸν
1176 4148 1309 4212 ἑνδύςας

208 4321 228 4390 ¹)
247 4320 439 4390 supplendum
453 4325 497 4378 esi
506 4327 568 4392 περί
587 4326 684 4392 δέτὴν
701 4327 836 4404 δευτέραν
849 4326 946 4378 ἔξοδον
961 4323 1006 4376 vel
1020 4323 1077 4377 isle
1088 4321 1214 4390 quid—
1232 4321 1253 4389 ²)
1267 4321 1306 4375 Ex

132 4392 298 4533 {pacfflppc
315 4392 530 4518 4Ιῖἒιιιδιιτςομοί
553 4397 684 4465 excerpis
702 4394 777 4448 inicr
801 4393 909 4448 scholia
927 4393 1085 4463 Lipsiensis
1110 4391 1201 4447 edidit
1189 4393 1307 4448 t-Bsch
