3086 5124
279 251 320 306 De
339 251 454 306 scholiis
474 251 629 307 Homericis
650 251 686 306 ad
704 251 851 306 historiam
870 251 1024 308 fabularem
1042 253 1255 322 pertinentibus.
1288 255 1352 320 431

183 419 284 496 δῆλον
307 417 369 493 γὰρ
392 415 437 480 ὼε
461 415 488 480 εί
512 419 552 495 μὴ
577 416 668 480 αὐτοὶ
687 417 870 497 ἐρρύταντο,
894 417 1118 496 κατηκοντίεθη
1141 416 1190 482 ἄν.
1229 419 1353 484 διὸκαὶ

180 509 417 584 μονομαχοῦντι
440 506 527 589 αὐτῷ
547 508 628 584 πρὸ(
648 507 813 585 Διομήδην
840 508 876 571 έν
901 510 947 590 τῷ
970 507 1129 590 ἐπιταφίῳ
1155 509 1353 586 περιέδειεαν

180 595 212 659 οἱ
235 593 356 672 Ἀχαιοὶ
379 594 424 658 ιίιε
447 597 615 672 πολλαχοῦ
640 596 807 678 δυναμένῳ
831 599 998 675 πληγῆναι.
1031 596 1050 674 ἡ
1074 598 1110 659 δὲ
1134 596 1271 661 ὑπόνοια
1294 603 1353 662 τοῦ

180 685 220 762 μὴ
254 682 365 747 διόλου
397 685 522 762 τρωτὸν
556 683 655 748 αιἰτόν
690 681 771 748 εἶναι
804 685 901 765 ἦλθεν
934 685 969 748 έκ
997 687 1055 747 τοῦ
1084 687 1243 763 μηδέποτε
1272 686 1353 764 παρ’

177 772 307 855 Ὁμήρῳ
338 776 511 850 τετρῶεθαι
544 772 652 837 αὐτόν.
703 774 824 837 πολὺ(
861 775 901 836 δὲ
940 772 1096 837 πάντωε
1134 773 1153 837 6
1190 773 1282 839 Aion
1320 776 1352 840 εἰ

179 861 295 938 μόνοε
331 859 414 940 ἄρτι
447 865 524 926 τῶν
550 862 781 940 Ἑλληνικῶν
810 861 995 940 ἀριετέων
1022 865 1172 941 ποιήεει
1202 863 1298 943 ἅπερ
1333 863 1351 927 6

180 952 339 1029 ποιητηε
364 952 444 1028 ἐρεῖ
468 952 613 1029 προϊὼν
638 950 784 1029 μεγάλα
808 951 900 1030 ἔργα
924 951 982 1014 καὶ
1005 955 1124 1014 ταῦτα
1142 953 1233 1016 οὐδὲ
1253 952 1351 1036 ῥοπῇ

179 1039 359 1121 δαιμονίᾳ
377 1040 452 1104 τινὶ
471 1037 556 1104 ἀλλ’
574 1041 611 1105 ἐξ
631 1039 775 1104 οίκείαε
795 1038 941 1119 ἀρετῆε.
965 1039 1124 1119 ίετόρηται
1138 1042 1173 1104 δὲ
1189 1042 1240 1105 καὶ
1258 1045 1351 1125 πηλῷ

181 1127 348 1208 βάλλεεθαι
367 1129 467 1193 αι’πὸν
486 1129 550 1192 ὑπὸ
565 1129 695 1206 Τρώων,
714 1127 758 1191 ὼε
783 1127 835 1192 οἷα
854 1128 1179 1208 προπηλακιζόμενοι,
1202 1130 1283 1196 καθά
1305 1151 1352 1195 τι(

179 1215 219 1280 ἂν
234 1215 318 1281 εἴποι
332 1220 497 1296 τολμήεαε,
513 1217 542 1282 εί
558 1219 640 1297 [fort.
655 1219 687 1297 ἢ]
704 1237 773 1281 πω(
788 1218 873 1281 οὕτιυ
888 1221 968 1293 γοῦν
985 1219 1149 1298 βαρυνθεὶτ
1164 1221 1250 1302 πέτῃ,
1271 1219 1350 1284 ἀπο-

179 1304 362 1385 εειεάμενον
391 1307 426 1370 δὲ
454 1307 512 1372 τὸν
540 1308 645 1385 πηλὸν
674 1305 887 1385 δύοποιῆεαι
915 1307 1087 1370 κολωνούε.
1116 1310 1205 1386 φατὶ
1229 1310 1268 1372 δὲ
1292 1310 1352 1372 καὶ

177 1393 226 1458 ιίιε
254 1394 322 1459 οὐκ
349 1396 549 1475 έβοηθεῑτο
578 1393 642 1459 ὑπ’
668 1393 822 1475 Ἀθηνᾶ(
850 1394 949 1460 όλωε
985 1394 1004 1458 ὁ
1032 1394 1122 1460 Αίαε
1152 1397 1213 1460 διόι
1240 1418 1279 1461 τε
1308 1399 1350 1461 τό

176 1482 498 1550 ἀλαζονεύεαεθαι
529 1483 609 1548 κατ’
645 1484 760 1563 αὐτῆτ
789 1484 839 1548 ιίιε
870 1487 981 1563 δηλοῖ
1010 1483 1029 1547 6
1060 1485 1258 1565 (οφοκλῆε
1289 1486 1350 1569 [Ai.

178 1579 240 1637 766
252 1575 308 1653 περ]
317 1570 342 1656 ¹)
375 1576 426 1637 καὶ
458 1573 538 1638 διότι
571 1575 607 1637 δὲ
640 1576 764 1649 γλαῦκα
796 1579 851 1653 ute
884 1572 1001 1638 οἰκεία(
1035 1572 1166 1638 ἀεπίδοτ
1195 1575 1350 1654 ἐξέκοψεν

175 1661 266 1741 ἱερὰν
290 1662 388 1727 οὖεαν
411 1669 449 1746 τῇ
462 1661 598 1745 ”Αθηνᾷ.

263 1755 351 1814 Haud
365 1755 462 1815 minus
478 1757 620 1815 obscurus
635 1759 682 1815 est
697 1755 773 1814 alius
792 1756 874 1815 locus
890 1756 941 1814 ubi
960 1755 996 1814 de
1013 1753 1156 1815 Oenomai
1170 1756 1348 1833 Pelopisque

175 1842 279 1902 fabula
301 1843 448 1920 disputari
469 1845 601 1905 videtur:

311 1933 401 1994 schol.
431 1931 454 1992 Β
482 1933 593 1994 104L
625 1929 739 2009 Ἑρμοῦ
771 1928 833 2008 γάρ
866 1949 963 2008 φοειν
996 1929 1095 1995 αι’πόν
1124 1931 1175 1994 καὶ
1210 1931 1352 2010 Καλύκη(

310 2019 431 2100 ἢίδιὰ
453 2019 511 2082 τὸν
533 2019 623 2083 κύνα.
651 2020 826 2083 πέπλαεται
846 2017 906 2082 οὖν
929 2023 997 2083 τοῖε
1021 2021 1191 2098 νεωτέροιε
1214 2019 1254 2083 τὰ
1277 2021 1350 2099 περὶ

307 2107 469 2186 Οἰνόμαον
492 2109 543 2171 καὶ
567 2110 624 2186 τὴν
648 2112 766 2186 χρυεῆν
790 2105 880 2185 ἄρνα.

174 2201 219 2258 Ex
252 2200 367 2259 ultimis
401 2200 502 2260 verbis
535 2201 632 2260 elucet
663 2201 811 2260 refutatas
847 2219 912 2260 esse
945 2201 976 2259 in
1008 2200 1113 2260 scholii
1144 2201 1230 2260 initio
1266 2202 1348 2261 novi-

174 2290 288 2348 ciorum
315 2289 447 2366 fabulas3
472 2294 570 2364 'quam
597 2289 744 2349 rationem
772 2289 843 2366 agni
871 2289 954 2350 aurei
981 2290 1102 2349 fabulae
1134 2292 1348 2367 grammaticus

174 2377 346 2436 adhibuerit
373 2378 496 2437 docetur
523 2377 631 2438 codicis
654 2379 679 2436 B
704 2378 823 2454 scholio,
847 2379 926 2455 quod
956 2379 994 2439 ab
1025 2379 1081 2439 hoo
1103 2379 1254 2439 diuersum
1284 2399 1349 2440 esse

174 2486 233 2526 non
256 2465 441 2544 putaverim:

305 2557 395 2617 schol.
424 2554 448 2615 Β
475 2559 537 2616 103
561 2557 585 2614 Β
614 2552 649 2615 ἐκ
676 2554 711 2615 δὲ
740 2557 798 2617 τοῦ
828 2553 955 2618 Πέλοπι
983 2553 1154 2636 πληξίππῳ
1179 2551 1197 2617 6
1220 2553 1348 2618 ίππικόε

305 2639 395 2718 ἀγὼν
422 2643 575 2706 Πέλοποτ
602 2641 653 2704 καὶ
682 2640 843 2718 Οἰνομάου
872 2644 1038 2720 δηλοῦται·
1068 2643 1105 2706 τὸ
1134 2644 1169 2706 δὲ
1198 2642 1347 2709 ἐπίθετον

301 2731 441 2795 Θυέετου
465 2729 514 2793 ότι
538 2729 722 2809 πολύαρνοε
745 2730 792 2794 ὢν
812 2731 961 2809 ἐγέννητε
981 2733 1039 2796 τὸν
1063 2735 1163 2810 μῦθον
1191 2733 1249 2796 τὸν
1273 2733 1347 2810 περὶ

302 2823 358 2898 τῆ(
382 2824 497 2899 χρυεῆε
522 2816 627 2898 ἀρνόε.

173 2911 284 2971 Scholii
301 2911 387 2971 initio
407 2912 549 2972 omissum
568 2915 614 2972 est
632 2911 748 2971 librarii
766 2913 956 2990 neglegentia
975 2931 1041 2973 esse
1060 2914 1111 2989 qui
1133 2915 1209 2987 falso
1228 2914 1348 2991 Pelopis

172 3001 327 3076 epitheton
349 3001 394 3060 ita
421 3001 657 3076 interpretentur
685 3005 720 3060 ut
749 3002 812 3061 eius
846 3021 912 3061 cum
941 3001 1091 3062 Oenomao
1124 3007 1275 3061 certamen
1298 3002 1347 3062 de-

171 3090 314 3167 signetur.
357 3089 399 3150 At
426 3089 498 3166 quid
526 3089 584 3148 sibi
614 3091 721 3150 volunt
747 3092 853 3151 verba:
884 3087 998 3165 Ἑρμοῦ
1031 3085 1092 3167 γάρ
1123 3107 1220 3167 φαειν
1248 3089 1348 3151 αὐτὸν

171 3176 222 3238 καὶ
247 3174 409 3253 Καλύκηεὶ)
447 3178 480 3239 Si
502 3178 538 3237 de
562 3178 682 3254 PelopIs
707 3183 736 3239 et
760 3178 905 3238 Oenomai
926 3180 1031 3239 fabula
1053 3180 1167 3257 agitur,
1190 3199 1276 3241 nemo
1301 3185 1348 3240 est

170 3267 221 3344 qui
239 3268 379 3327 Mercurii
402 3268 480 3327 filius
504 3267 621 3327 dicatur
642 3269 701 3328 nisi
718 3269 860 3345 Myrtilus
884 3267 933 3344 [cf.
954 3269 1025 3327 Eur.
1044 3266 1141 3330 Orest.
1167 3272 1230 3329 993
1255 3269 1345 3330 schol.

169 3375 213 3417 vs.
243 3359 315 3418 990.
345 3359 408 3417 998
437 3357 584 3433 Lycophr.
616 3359 677 3417 162
711 3357 797 3418 Paus.
828 3357 855 3413 V
882 3363 913 3429 1,
939 3362 966 3418 7.
1000 3355 1075 3415 VIII
1107 3359 1160 3431 14,
1186 3360 1227 3417 10
1256 3359 1346 3419 schol.

169 3446 227 3521 Ap.
251 3447 323 3521 Arg.
342 3445 358 3503 I
378 3448 440 3506 752
466 3445 576 3522 Hygin.
601 3445 778 3508 OOXXIIII.
801 3449 872 3506 astr.
897 3446 927 3504 II
954 3443 1026 3522 13.].
1063 3446 1164 3522 Atque
1187 3448 1245 3506 etsi
1268 3446 1348 3506 inter

169 3536 276 3594 matris
303 3535 423 3594 nomina
446 3534 566 3595 diversa
589 3533 716 3611 Calycae
739 3553 847 3594 nomen
869 3554 929 3594 non
948 3536 1107 3611 invenitur,
1126 3539 1227 3595 temen
1250 3536 1346 3594 anim-

169 3623 345 3684 advertatur
377 3642 413 3682 ex
448 3623 583 3682 Danaide
613 3624 771 3700 Myrtilum
804 3626 908 3682 natum
946 3643 1011 3682 esse
1039 3644 1057 3682 a
1084 3624 1235 3684 nonnullis
1268 3624 1347 3684 tradi

171 3709 220 3788 [cf.
245 3712 346 3772 scholl.
370 3712 426 3788 Ap.
450 3712 522 3788 Arg.
546 3712 561 3770 I
587 3714 648 3772 752
673 3713 743 3773 Eur.
768 3710 866 3774 Orest.
890 3710 977 3789 998],
1000 3713 1079 3772 inter
1105 3713 1271 3772 Danaidum
1295 3731 1347 3770 no·

168 3803 250 3861 mina
273 3801 403 3877 Calycen
421 3802 568 3862 recenseri
590 3803 622 3860 in
639 3802 840 3861 bibliothecae
854 3802 1073 3878 Apollodoreae
1097 3809 1169 3861 nota
1189 3801 1349 3878 marginali

170 3889 213 3967 [H
240 3895 267 3969 1,
292 3893 320 3967 ό,
344 3885 389 3968 4].
427 3890 553 3949 Videtur
580 3891 674 3967 igitur
701 3892 916 3966 'grammaticus
944 3890 1075 3949 Homero
1104 3890 1224 3968 Pelopis
1254 3889 1347 3949 Oeno-

168 3981 286 4056 maique
314 3980 448 4039 fabulam
477 3999 512 4039 ea
542 3980 657 4038 ratione
686 3978 872 4039 abindicasse
905 3979 984 4055 quod
1011 3978 1075 4037 fieri
1107 3998 1166 4038 non
1198 3979 1349 4055 potuisset

170 4073 204 4128 ut
226 4073 316 4146 poeta
340 4087 357 4127 a
381 4069 527 4128 Mercurio
551 4068 656 4144 Pelopi
679 4069 763 4145 regni
787 4067 906 4143 signum
930 4068 1034 4127 dat'um
1058 4087 1122 4126 esse
1151 4068 1298 4141 traderet,
1323 4067 1349 4126 si

166 4162 268 4218 nosset
287 4177 376 4234 quam
395 4177 430 4216 cx
450 4157 539 4234 epicis
558 4157 738 4216 carminibus
760 4154 809 4232 [cf.
826 4158 916 4217 schol.
937 4157 1007 4216 Eur.
1027 4157 1123 4215 Orest.
1140 4155 1219 4232 997]
1239 4158 1347 4233 poetae

167 4247 275 4324 tragici
288 4247 517 4322 desumpserunt
530 4246 664 4304 l'abulam
679 4247 717 4305 ab
730 4247 796 4322 ipso
807 4245 953 4304 Mercurio
967 4246 1121 4304 funestum
1135 4245 1222 4304 illum
1236 4263 1347 4322 agnum
1378 4271 1381 4278 ·

243 4434 262 4502 ¹)
281 4432 323 4486 De
344 4433 437 4488 Aiacis
456 4433 650 4505 impietatibus
670 4434 704 4490 cf.
725 4431 812 4488 schol.
834 4432 916 4502 Soph.
936 4431 981 4487 Ai.
1002 4397 1061 4487 12I.
