3086 5124
245 243 287 297 De
306 241 420 297 scholiis
438 239 593 296 Homericis
611 240 649 295 ad
667 239 815 294 historiam
833 241 989 296 fabularcrn
1006 241 1220 312 pertinentibus.
1256 241 1321 306 449

151 407 215 471 tum
239 411 367 488 origines
391 414 481 487 atquo
504 413 614 470 natura
636 409 680 469 ita
703 413 846 469 eruantur
876 412 907 469 et
936 413 1120 486 exponantur
1154 414 1189 470 ut
1215 428 1322 486 cogno-

147 505 248 562 scetur
278 500 444 576 exquibus
470 499 531 560 sive
564 499 793 577 mythographis
822 499 884 558 sive
915 499 1012 574 poetis
1039 499 1244 558 narrationum
1272 498 1322 558 de-

148 588 261 665 sumpti
279 589 339 648 sint
357 594 476 649 tenores
501 592 531 649 ct
553 589 756 664 fundamenta,
779 587 826 648 his
849 588 956 663 quibus
985 588 1080 647 modis
1105 587 1212 647 inserti
1234 591 1323 664 atqua

147 678 239 738 infusi
275 679 335 738 sint
366 679 415 738 vel
450 681 607 754 poetarum
643 677 701 737 loci
742 678 792 737 uel
828 677 1094 752 discrepantiarum
1126 677 1255 754 catalogi
1288 696 1324 735 ex

147 767 413 844 grammaticorum
444 767 714 826 Alexandrinorum
755 765 840 825 libris
872 765 1150 842 commentariisque
1183 766 1323 842 excerpti,

148 856 273 932 denique
304 856 428 933 singulis
452 876 527 932 quac
549 875 604 932 pro
628 858 728 915 aetate
752 859 782 914 et
810 874 864 914 usu
897 855 1019 931 propria
1051 855 1112 914 sint
1142 855 1323 931 compendiis

148 965 261 1021 quaeve
293 945 461 1004 communia
493 946 638 1005 omnibus,
685 944 744 1004 Sed
774 945 829 1003 hoo
857 945 885 1003 ei
912 944 1014 1004 libello
1047 964 1105 1021 quo
1133 945 1169 1004 de
1204 944 1323 1005 scholiis

149 1033 315 1094 Homericis
334 1037 451 1111 agatur,
474 1037 505 1094 et
523 1035 619 1093 multo
637 1033 734 1093 maius
752 1053 847 1110 neque
872 1036 976 1109 aptum
999 1037 1054 1109 est,
1081 1035 1220 1109 quoniam
1244 1052 1322 1093 com-

146 1123 322 1199 pendiorum
345 1125 474 1201 vestigia
496 1143 551 1199 per
574 1123 674 1182 omnia
697 1123 877 1182 scholiorum
900 1141 1025 1198 corpora
1047 1121 1182 1198 dispersa
1211 1115 1323 1204 sunt.¹)

147 1212 319 1274 Adnotatur
346 1215 448 1272 tamen
477 1214 532 1272 hoc
558 1213 623 1273 loco
652 1216 722 1271 ante
749 1211 873 1271 Diodori
899 1214 1030 1271 aetatem
1057 1211 1133 1270 talia
1160 1212 1324 1287 composita

148 1319 213 1361 esse
236 1303 418 1377 compendia.
460 1303 540 1361 Fieri
568 1303 664 1361 solere
688 1300 720 1359 in
746 1301 889 1360 historiae
916 1301 1063 1359 fabularis
1086 1301 1267 1376 compendiis
1290 1304 1324 1359 ut

147 1393 214 1449 tota
236 1390 356 1449 fabulae
380 1389 531 1450 enarratio
555 1409 591 1449 ex
613 1393 704 1467 poeta
725 1391 825 1467 aliquo
844 1391 1051 1449 desumeretur
1073 1390 1325 1466 adspergerontur

148 1478 252 1539 doctae
285 1479 492 1540 adnotationes
517 1500 553 1538 cx
575 1483 809 1538 commentatore
834 1479 984 1554 sublatae,
1012 1479 1044 1536 in
1072 1479 1237 1538 clarissimo
1270 1481 1325 1537 Ar-

147 1571 349 1644 gonautarum
371 1569 492 1628 fabulae
516 1569 650 1644 exemplo
673 1587 769 1643 nuper
792 1568 1003 1627 demonstravi.
1044 1568 1138 1643 Atqui
1161 1567 1323 1644 expeditio-

147 1657 194 1716 nis
218 1661 370 1733 ascptem
389 1657 512 1717 ducibus
536 1658 568 1715 in
592 1656 711 1716 Thebas
733 1657 831 1716 factae
854 1657 942 1715 initia
968 1656 1117 1716 Diodorus
1140 1657 1183 1716 ita
1204 1661 1325 1716 enarrat

148 1749 183 1804 ut
205 1747 267 1804 fere
291 1747 329 1804 ad
351 1747 477 1806 verbum
499 1746 732 1805 Phoenissarum
754 1747 897 1823 prologus
920 1745 1082 1804 referatur:

250 1852 370 1913 Diodor.
393 1852 457 1912 ΠΙΙ
482 1855 523 1912 64
571 1877 574 1885 ’
887 1851 958 1912 Eur.
982 1853 1092 1911 Phoen.

192 1936 288 2002 Λάιος
307 1935 326 2000 ὁ
346 1939 462 2017 Θηβῶν
485 1939 629 2016 βαςιλεὺς
659 1936 698 2001 13
715 1987 721 1998 .
777 1941 873 2014 γαμεῖ
886 1940 920 2001 δε
932 1936 1027 2001 Λάιός
1043 1935 1090 2014 μ’·
1105 1937 1175 2000 ἐπεὶ
1186 1934 1323 2001 δ’ἄπαις
1362 2005 1364 2012 ,

149 2028 251 2106 γήμας
281 2024 438 2104 Ἰοκάςτην
465 2028 524 2105 τὴν
554 2028 628 2105 Κρέ-
714 2027 754 2106 ἦν
769 2025 881 2104 χρόνια
893 2027 1007 2104 λέκτρα
1017 2024 1092 2104 τᾶμ’
1111 2025 1196 2103 έχων
1211 2027 1247 2090 ἐν
1261 2025 1324 2090 δώ-

149 2135 245 2180 οντος
278 2116 328 2179 καὶ
361 2115 481 2194 χρόνον
517 2114 629 2180 λκανόν
1084 2135 1181 2192 μαςιν,
1377 2145 1378 2149 “

150 2202 245 2268 ἄπαις
277 2204 324 2267 ὢν
357 2204 540 2282 ἐπηρώτηςε
571 2205 629 2267 τὸν
660 2203 815 2268 15έλθὼν
838 2203 944 2286 ἐρωτᾷ
966 2204 1168 2283 Φοῖβον...

150 2293 227 2357 θεὸν
241 2292 313 2370 περὶ
330 2293 452 2356 τέκνων
466 2293 628 2369 γενέςεως.
661 2290 731 2356 llo
751 2290 786 2354 δ’
805 2290 908 2355 εἶπεν·
932 2342 938 2355 .
960 2341 967 2356 .
987 2341 993 2355 .

149 2386 205 2461 τῆς
225 2382 260 2444 δὲ
275 2380 396 2446 Πυθίας
416 2381 530 2459 δούςης
553 2402 629 2460 χρη·
710 2379 1325 2462 μὴςπεῖρετέκνωνἄλοκαδαιμόνωνβίᾳ.

149 2471 227 2549 (μὸν
258 2469 345 2554 αὐτῷ
384 2472 423 2548 μὴ
458 2472 629 2549 ςυμφέρειν
710 2469 737 2534 εἰ
756 2471 817 2548 γὰρ
840 2470 1006 2534 τεκνώςεις
1029 2468 1130 2548 παῖδ’,
1154 2468 1324 2535 ἀποκτενεῖ

149 2560 294 2635 γενέςθαι
330 2559 440 2628 τέκνα·
477 2561 535 2623 τὸν
567 2560 628 2638 γὰρ
1082 2558 1112 2622 ς’
1134 2558 1243 2637 όφύς.

150 2649 182 2713 ἐξ
207 2648 308 2712 αι’ποῦ
330 2649 529 2713 τεκνωθέντα
555 2653 628 2712 παῖ·
714 2648 834 2710 καὶπᾶς
843 2648 895 2711 ςὸς
904 2646 990 2712 οἶκος
1000 2650 1126 2728 βήςεται
1135 2647 1322 2726 διἀἵματος.

150 2740 191 2799 δα
239 2736 460 2814 πατροκτόνον
507 2737 628 2802 ἔςεςθαι
714 2733 1324 2821 ὁδ’ἡδονῇδοὺςεῖςτεβακχεῖονπεςὼν

149 2825 200 2889 καῖ
219 2827 322 2888 πᾶςαν
345 2827 404 2904 τὴν
423 2825 525 2890 οἰκίαν
548 2829 627 2905 πλη·
656 2825 697 2888 22
714 2823 859 2904 έςπειρεν
884 2826 960 2904 ἡμῖν
988 2830 1087 2890 παῖδα
1115 2828 1166 2890 καὶ
1195 2825 1324 2905 ςπείρας

150 2914 263 2992 ρώςειν
291 2913 440 2992 μεγάλων
469 2913 627 2994 ἀτυχημά-
1084 2916 1204 2995 βρέφος

148 3021 227 3065 των·
282 3001 514 3080 ἐπιλαθόμενος
569 3007 628 3068 τοῖι
657 3009 697 3066 25
714 3002 821 3066 δίδωςι
840 3001 1037 3081 βουκόλοιςιν
1050 3004 1187 3068 ἐκθεῖναι
1205 3005 1324 3083 βρέφος

149 3095 288 3170 χρηςμοῦ
311 3091 362 3155 καὶ
380 3095 534 3170 γεννήςας
557 3092 628 3156 υἱὸν
714 3095 845 3170 ςφυρῶν
880 3095 989 3169 ςιδηρᾶ
1016 3093 1131 3171 κέντρα
1160 3092 1324 3170 διαπείρας

149 3181 276 3259 ἐξέθηκε
318 3180 357 3244 τὸ
400 3182 519 3260 βρέφος
561 3185 627 3245 δια·
1083 3182 1190 3258 μέςον·

151 3271 328 3348 περονήςας
357 3269 458 3334 αὐτοῖν
485 3270 525 3334 τὰ
549 3290 627 3349 ςφυ-
714 3267 789 3333 ὅθεν
800 3289 850 3332 νιν
862 3267 973 3333 Ἑλλὰς
984 3268 1150 3346 ὠνόμαζεν
1160 3269 1323 3334 Οἰδίπουν.

131 3357 189 3440 Ιρὰ
222 3359 351 3440 ςιδήρῳ·
383 3357 428 3422 δι’
450 3362 489 3440 ἣν
525 3359 628 3424 αἰτίαν
713 3357 866 3436 Πολύβου
896 3359 930 3420 δέ
965 3377 1014 3421 νιν
1047 3356 1201 3437 λαβόντες
1228 3358 1323 3423 ἱππο-

151 3445 469 3525 οἰδίπους“όςτερον
502 3447 627 3526 ὠνομά-
1019 3464 1021 3467 ’
1084 3447 1232 3526 βουκόλοι

151 3540 215 3613 ςθη.
249 3533 280 3597 ot
308 3532 340 3596 δ’
366 3535 483 3599 οἰκέται
511 3535 627 3616 λαβόν-
713 3533 849 3614 φέρους’
870 3535 903 3598 ἐς
918 3533 1026 3599 οἴκους
1042 3533 1086 3599 εἴς
1105 3557 1140 3600 τε
1156 3536 1323 3616 δεςποίνης

150 3643 203 3688 τες
243 3623 281 3686 τὸ
320 3622 448 3690 παιδίον
489 3625 627 3689 ἐκθεῖναι
1083 3626 1179 3702 χέρας

151 3713 208 3791 μὲν
232 3711 291 3776 οὐκ
313 3711 483 3790 ἠθέληςαν,
507 3714 625 3793 ἐδωρή-
714 3713 1324 3792 ἔθηκανὴδὲτὸνέμόνώδίνωνπὸνον

150 3821 246 3866 ςαντο
270 3801 304 3864 δὲ
332 3807 370 3885 τῇ
394 3802 546 3882 Πολύβου
571 3823 626 3878 γυ-
714 3807 841 3882 μαςτοῖς
874 3803 990 3881 ὑφεῖτο
1024 3803 1075 3866 καὶ
1103 3803 1195 3867 πόςιν
1223 3803 1324 3869 πείθει

150 3891 232 3955 ναικὶ
259 3891 300 3954 οὐ
325 3891 485 3974 δυναμένῃ
513 3895 626 3970 γεννή-
1081 3897 1194 3957 τεκεῖν.

223 4067 244 4135 ¹)
262 4067 293 4121 E.
312 4083 336 4120 c.
363 4064 397 4118 cf.
423 4062 550 4118 schol.B
577 4070 626 4120 105
651 4081 713 4118 cum
737 4063 823 4118 schol.
851 4064 916 4117 Eur.
942 4065 1031 4120 Orest.
1055 4072 1115 4120 812.
1143 4071 1207 4132 998;
1236 4066 1322 4122 schol.

154 4139 174 4191 B
194 4143 246 4192 104
264 4154 327 4190 cnm
346 4135 444 4190 scholl.
462 4134 527 4190 Eur.
544 4133 632 4190 Orest.
652 4142 705 4190 990
722 4135 774 4204 Ap.
790 4135 855 4205 Arg.
876 4136 888 4188 Ι
908 4142 957 4190 762
979 4136 1053 4192 Serv.
1069 4138 1106 4192 ad
1124 4138 1207 4206 Verg.
1223 4137 1322 4209 Georg.

150 4207 189 4261 ΙΠ
208 4215 223 4262 7
242 4205 345 4278 Hygin.
364 4207 421 4262 fab.
441 4206 605 4273 Lxxxlffl;
629 4207 714 4261 schol.
741 4209 760 4261 B
783 4213 835 4261 336
864 4224 928 4260 cum
955 4208 1040 4262 schol.
1069 4208 1121 4277 Ap.
1146 4208 1211 4278 Arg.
1236 4209 1249 4262 Ι
1273 4217 1323 4264 lor.

149 4277 279 4348 Apollod.
299 4279 350 4346 19,
366 4285 390 4347 9,
410 4285 434 4336 2.
462 4277 488 4332 ll
508 4285 532 4348 7,
552 4285 576 4346 3,
598 4285 620 4332 1.
659 4277 773 4332 Scholia
791 4276 970 4332 Homericum
989 4282 1018 4333 et
1040 4279 1221 4334 Pindaricum
1240 4299 1321 4350 supra

150 4348 308 4419 composita
323 4352 399 4416 sunt3
424 4368 486 4404 cum
506 4349 592 4404 schol.
610 4352 629 4404 B
649 4356 700 4405 547
719 4349 992 4418 Apollod.11114‚s
1012 4351 1046 4405 cf.
1061 4350 1147 4406 schol.
1165 4351 1238 4406 Plat.
1252 4351 1321 4406 Tim.

149 4439 176 4492 p.
192 4428 226 4478 23
240 4421 278 4488 1);
302 4421 388 4476 schol.
403 4421 542 4478 Theocrit.
557 4422 646 4478 11143
661 4439 725 4476 cum
739 4420 825 4477 schol.
840 4425 856 4477 λ
871 4427 922 4477 287
941 4422 1070 4491 Apollod.
1088 4424 1097 4475 1
1113 4429 1138 4490 9,
1156 4430 1186 4478 12
1202 4425 1255 4478 eto.
1270 4425 1322 4478 eto.
