3086 5124
224 252 291 316 410
652 254 797 311 Eduardus
815 253 970 311 Schwartar

358 413 455 496 Αίόλη
479 417 634 499 Περίβοια
657 419 723 482 Δία
746 417 966 500 Ἀςτιικράτεια
987 419 1164 500 Ἡφαιςτία.
1210 419 1229 484 ὁ
1252 419 1289 484 δὲ
1308 419 1397 502 Εὐρι-

358 506 451 586 πίδης
474 506 591 587 ἑτέρω(
613 507 739 588 ίςτορεῑ.

358 601 447 660 schol.
472 617 493 675 μ
517 604 580 660 217
604 601 634 660 Η
657 601 774 662 τοῦτον
798 596 983 677 Μάνδρωνά
1005 617 1089 662 τινες
1112 599 1268 676 λέγουςιν.

224 707 294 747 num
322 687 378 748 hoc
404 708 513 749 nomeu
539 689 642 749 fictum
671 693 717 750 est
744 709 760 749 e
789 691 948 766 proverbio
976 689 1106 764 ἐγένετο
1127 688 1190 771 ,καὶ
1224 687 1397 767 Μάνδρωνι

227 771 333 851 ςυκίνη
358 771 490 860 ναῦςῖῑ)
764 807 765 812 1

358 867 447 926 schol.
476 884 497 942 μ
526 869 589 928 267
618 864 649 928 οἱ
681 863 879 945 ἀπολόμενοι
910 865 975 930 ὑπὸ
1007 869 1064 944 τῆς
1096 865 1235 945 (Σκύλλης
1268 866 1395 946 (τήςιος

357 949 522 1031 Ὀρμένιος
544 951 696 1034 Ἀγχιμος
714 951 872 1034 Ὄρνυτος
891 954 1035 1020 (ίνωπος
1059 952 1266 1035 Ἀμφίνομος·
1290 955 1394 1020 οὕτως

356 1041 544 1121 Φερεκύδης.

357 1135 446 1194 schol.
471 1152 492 1210 μ
516 1138 578 1196 301
604 1135 664 1206 HQ
688 1135 775 1198 Vind.
801 1140 842 1198 56
867 1131 1090 1214 Νυμφόδωρος
1119 1131 1137 1197 ὁ
1165 1134 1223 1213 τὴν
1251 1133 1395 1199 (ικελίαν

353 1219 627 1299 ’περιηγηςάμενος
650 1221 701 1285 καὶ
719 1222 903 1287 Πολύαινος
927 1223 978 1286 καὶ
996 1221 1158 1288 Πανύαςις
1181 1222 1311 1302 φύλακα
1328 1227 1395 1289 τῶν
1494 1280 1495 1286 ,

354 1307 465 1374 Ἡλίου
490 1313 576 1390 βοῶν
600 1308 772 1389 Φάλακρόν
795 1332 871 1391 φηςι
899 1312 1053 1390 γενέςθαι,
1084 1311 1123 1375 ὃν
1151 1313 1393 1391 Φιλοςτέφανος

357 1397 527 1462 Αἰολιδοῦν
551 1397 633 1463 είναί
656 1418 732 1479 φηςι
756 1400 807 1463 καὶ
828 1399 917 1479 ἔχειν
939 1400 976 1465 ἐν
1002 1399 1125 1464 Μύλαις
1148 1396 1298 1486 hodoni)

358 1491 449 1551 schol.
473 1507 492 1552 ο
517 1495 580 1551 417
606 1491 698 1562 BHo
722 1483 826 1568 ὄνομα
849 1490 885 1552 δὲ
910 1487 990 1574 αὐτῇ
1013 1489 1128 1569 Δαήνη

226 1597 264 1640 ιο.
288 1580 407 1640 mulieri
430 1581 608 1640 Phoeniciae
631 1599 708 1657 quae
731 1581 898 1642 Eumaeum
921 1582 1030 1658 rapuit.
1062 1593 1063 1598 ’

311 1669 347 1728 Ιιι
378 1669 515 1729 omnibus
552 1670 598 1729 hir
636 1670 755 1731 scholiis
787 1671 868 1730 idem
899 1672 1014 1748 agitur,
1047 1669 1152 1730 eadem
1179 1670 1277 1730 forma
1304 1675 1396 1749 atque

222 1758 334 1836 species
354 1763 480 1837 apparet
502 1763 593 1836 atque
615 1760 648 1818 in
669 1759 706 1819 iis
729 1761 837 1836 quibus
860 1760 960 1836 ipsum
982 1757 1143 1837 Porphyrii
1170 1777 1279 1821 nomen
1304 1779 1396 1839 appo·
1500 1837 1502 1842 Ι
1537 1727 1538 1742 .

222 1851 348 1907 suerunt
374 1849 560 1909 scholiastae.
605 1848 702 1908 Nimis
727 1849 935 1910 desiderantur
956 1849 1016 1909 loci
1039 1848 1150 1910 similes
1174 1861 1228 1909 hec
1251 1869 1336 1924 sane,
1365 1850 1396 1909 id

221 1936 301 2012 quod
328 1937 461 1997 accidere
490 1938 567 1998 solet
595 1937 687 2014 siquis
717 1938 749 1996 in
770 1957 819 1998 res
843 1939 934 1998 exiles
957 1938 1090 2014 inquirit,
1113 1942 1292 2016 argumenta
1314 1942 1397 2000 certa

220 2026 322 2101 parari
344 2030 483 2104 possunt3
507 2026 559 2086 sed
577 2025 788 2104 grammaticos
808 2045 935 2103 quorum
953 2044 1062 2102 operae
1085 2045 1192 2102 corpus
1216 2027 1396 2086 scholiorum

221 2114 350 2175 debetur
380 2115 535 2192 putaveris
562 2115 674 2176 multos
697 2113 791 2174 libros
818 2115 1040 2192 perquisivisse,
1067 2117 1102 2174 ut
1130 2114 1252 2174 nomina
1278 2116 1332 2175 illa
1363 2117 1395 2174 in

220 2203 363 2264 historiae
378 2205 512 2281 poeticae
525 2205 652 2265 latebris
666 2203 818 2264 recondita
829 2204 987 2264 eruerent?
1023 2201 1201 2264 Nominibus
1210 2221 1260 2264 sos
1271 2221 1393 2282 operam

220 2311 346 2355 navasse
365 2297 483 2355 constat
501 2313 538 2353 ex
556 2313 591 2354 eo
610 2313 699 2372 quem
716 2293 859 2370 proposui
876 2294 1027 2370 catalog03
1051 2311 1147 2369 neque
1165 2294 1264 2354 minus
1278 2297 1394 2354 certum

220 2386 267 2443 est
294 2384 455 2460 Porphyrii
482 2383 518 2444 de
546 2384 602 2443 hac
630 2403 663 2442 re
692 2383 829 2443 libellum
858 2383 918 2442 illis
945 2385 1067 2458 praesto
1094 2381 1201 2459 fuisse3
1232 2384 1294 2442 iarn
1316 2401 1393 2460 quae

220 2473 339 2549 placeat
363 2473 520 2548 sententia,
544 2473 608 2550 ipse
631 2463 829 2552 concludas.³)

309 2562 350 2622 H.
373 2563 506 2622 Transeo
521 2563 559 2622 ad
576 2562 707 2622 alterum
725 2578 819 2638 genus
834 2560 1015 2621 scholiorum
1028 2560 1107 2636 quod
1121 2563 1156 2621 ut
1174 2560 1213 2620 ab
1235 2561 1301 2638 ipso
1324 2561 1395 2621 Por-

220 2650 330 2728 phyrio
352 2669 411 2710 non
434 2652 602 2728 profectum
630 2653 690 2728 est,
717 2651 762 2711 ita
788 2651 826 2710 ab
854 2649 918 2710 eius
946 2649 1053 2710 studiis
1080 2649 1246 2710 Homericis
1273 2650 1394 2719 minime

198 2787 204 2794 .
220 2744 267 2800 est
279 2740 420 2800 alienum.
443 2739 570 2801 Veteres
584 2740 796 2818 grammaticos
810 2739 879 2799 inde
890 2740 932 2799 ab
946 2739 1021 2799 artis
1039 2739 1160 2799 criticae
1174 2743 1206 2800 et
1224 2740 1393 2818 exegeticus

218 2829 360 2906 primitiis
387 2830 419 2889 in
446 2830 672 2906 quaestionibus
700 2833 731 2890 et
757 2828 957 2906 proponendis
990 2832 1023 2889 et
1049 2828 1200 2888 solvendis
1230 2829 1393 2906 plurimum

220 2919 382 2979 desudasse
409 2922 500 2995 atque
529 2939 619 2980 sensu
645 2921 783 2980 vetustae
812 2918 1012 2996 simplicitatis
1039 2918 1306 2995 pulcritudinisque
1328 2937 1410 2997 sae·¹
1475 2959 1477 2966 -

178 3015 186 3033 ¹
219 3009 341 3085 pissim
360 3026 483 3084 prorsus
501 3009 631 3068 caruisse
650 3012 719 3086 post
737 3000 927 3088 Lehrsium4)
952 3007 1025 3067 satir
1045 3022 1192 3084 superque
1214 3011 1319 3066 notum
1338 3010 1392 3067 est.

219 3099 318 3176 Larga
340 3098 448 3157 horum
471 3098 639 3158 studiorum
662 3098 798 3174 exempla
820 3095 941 3157 exhibet
958 3096 1153 3172 Porphyrius.
1189 3095 1283 3172 Atqui
1305 3113 1391 3172 prae·

218 3191 267 3248 ter
289 3206 399 3265 magna
422 3191 453 3248 et
475 3188 595 3264 copiosa
612 3186 773 3264 Porphyrii
794 3189 942 3247 aetsmata
964 3204 1040 3262 quae
1058 3184 1216 3261 praecipue
1238 3185 1271 3244 in
1293 3184 1392 3246 codice

294 3377 313 3446 ¹)
335 3375 374 3432 of.
400 3375 502 3430 Zenob.
526 3375 564 3429 III
587 3381 622 3430 44
646 3377 675 3430 et
696 3373 760 3430 intt.
786 3405 818 3416 -
844 3373 865 3442 ¹)
890 3372 930 3428 cf.
955 3372 1075 3427 Meinek.
1101 3387 1145 3426 an.
1164 3371 1208 3426 Al.
1227 3387 1254 3441 p.
1274 3377 1335 3427 370.
1355 3403 1388 3413 -

218 3451 241 3522 ⁸)
261 3448 403 3504 Audacius
423 3446 448 3502 si
465 3463 526 3501 rem
545 3446 593 3516 agi
611 3445 691 3516 velis,
710 3447 765 3501 huc
783 3446 888 3501 referas
908 3444 995 3499 ctiam
1013 3459 1060 3499 eos
1078 3443 1155 3498 locos
1174 3441 1278 3512 quibus
1297 3441 1391 3513 dispu-

216 3523 295 3577 tatur
317 3538 385 3575 num
407 3535 510 3575 nomen
528 3517 645 3586 aliquod
662 3518 808 3588 proprium
827 3534 863 3572 an
883 3515 1054 3572 adieetivum
1071 3517 1158 3585 poeta
1176 3515 1310 3586 posuerit.
1348 3514 1388 3570 cf.

220 3591 319 3648 scholi.
340 3594 611 3648 deoneratas.
632 3596 691 3645 617.
718 3597 768 3645 797
794 3589 841 3660 [cf.
866 3587 963 3643 scholl.
987 3606 1005 3642 α
1028 3593 1088 3642 276.
1113 3593 1165 3642 277
1189 3606 1205 3642 o
1230 3588 1275 3660 16]
1295 3591 1389 3642 1235.

221 3665 277 3720 Sed
296 3662 427 3718 cautione
446 3679 516 3732 opus
541 3677 603 3715 esse
626 3661 709 3715 docet
731 3659 810 3716 Euat.
833 3678 861 3730 p.
885 3665 950 3728 246,
973 3665 1008 3714 30
1031 3658 1066 3714 cl.
1091 3675 1155 3712 cum
1178 3658 1265 3714 schol.
1290 3659 1309 3713 Β
1330 3664 1389 3712 701.

217 3735 317 3804 Neque
346 3736 496 3790 stemmata
523 3731 617 3803 recepi
641 3749 713 3801 quae
736 3734 869 3802 leguntur
893 3730 978 3786 schol.
1004 3732 1024 3786 Ν
1050 3737 1100 3786 est
1125 3749 1147 3785 π
1170 3736 1220 3784 116
1246 3731 1292 3800 [=
1310 3727 1389 3783 Eust.

218 3825 245 3878 p.
265 3813 326 3876 697,
346 3807 426 3878 8sq.]
447 3824 471 3860 ω
490 3811 555 3872 270,
580 3806 609 3858 et
631 3820 704 3873 quae
722 3803 857 3858 Boeotiae
880 3801 1023 3871 adscripta
1046 3803 1112 3856 sunt
1128 3802 1282 3856 innumera.
1319 3799 1390 3854 Item

218 3877 348 3933 dubitavi
366 3878 401 3931 de
416 3875 555 3931 eiusmodi
568 3875 709 3930 indicibus
723 3875 821 3945 quales
840 3874 999 3930 referuntur
1014 3873 1151 3928 Althaeae
1169 3872 1288 3926 fratrum
1303 3869 1389 3925 schol.

217 3953 223 4005 Ι
250 3957 301 4006 567
325 3947 463 4019 Meleagri
491 3964 618 4003 sororum
645 3947 731 4003 schol.
759 3950 837 4002 1684
864 3944 1031 4001 Nelidarum
1059 3944 1145 4000 schol.
1170 3945 1191 3998 Λ
1215 3947 1266 3997 692
1293 3940 1390 3997 Persei

217 4017 341 4077 filiorum
365 4019 452 4075 schol.
470 4023 493 4075 Τ
513 4027 577 4086 116;
606 4017 677 4073 haec
701 4036 760 4074 non
783 4017 914 4072 dicuntur
938 4019 1063 4084 ὸνὸμοτο
1084 4015 1330 4084 παραλελειμμένα.
1355 4043 1388 4054 -

219 4097 241 4164 ⁴)
261 4093 326 4148 Non
340 4109 455 4176 possum
471 4105 504 4146 ex
519 4089 577 4146 eius
596 4089 743 4160 praeclara
757 4088 949 4160 disputatione
964 4105 1021 4141 non
1035 4084 1194 4166 adscribere
1208 4083 1283 4139 hunc
1295 4084 1390 4139 locum

217 4164 357 4221 Macrobii
378 4163 480 4246 [xyffl
498 4163 541 4288 hp
561 4161 749 4232 quaerebatur
773 4164 876 4246 autem·
895 4177 939 4215 res
965 4157 1050 4243 huius
1072 4156 1151 4243 modi
1174 4155 1389 4241 autusententia

216 4228 1389 4382 {latuistis-ists.tristissumutttttsoth

216 4380 388 4450 sophisticae
404 4377 508 4434 solutio
527 4380 576 4432 aut
594 4373 735 4447 inopinati
751 4374 921 4443 rariorisque
936 4369 1016 4428 verbr
1034 4370 1182 4442 mdagatro
1201 4371 1251 4425 aut
1278 4373 1388 4442 tempus

215 4451 285 4507 item
311 4451 341 4508 in
363 4451 449 4508 verbo
475 4449 624 4520 perspicuo
647 4447 884 4503 obscurissimum.
