3086 5124
228 235 271 292 De
290 234 406 291 scholiis
424 233 581 292 Homericis
600 235 637 289 ad
655 233 804 290 historiam
821 233 976 291 fabularem
995 234 1209 306 pertinentibus.
1243 235 1310 301 455

134 403 193 468 τὸν
216 400 356 483 ἔμβολον
378 400 429 464 καὶ
448 399 551 464 οὕτως
575 401 696 464 ἐκκυλι-
752 419 812 478 μου
835 398 979 464 ἔπαθλον
997 398 1101 478 γάμου
1123 400 1183 465 τὸν
1204 399 1312 480 Κορίν-
1383 471 1395 492 ⁴

136 493 266 558 ςθέντος
297 494 356 554 τοῦ
392 493 513 568 τροχοῦ
551 489 696 554 ἐκπεςεῑν
751 495 822 553 θιον
849 488 958 567 ἰςθμὸν
991 488 1019 552 εἰ
1051 493 1218 568 δυνηθεῖεν
1249 489 1312 570 ἀφ-

134 582 193 645 τδν
216 578 387 658 Οἰνόμαον.
752 579 867 642 ικέςθαι
891 579 981 656 μέχρι
1004 577 1131 642 τούτου.

134 674 321 732 luculentum
343 671 458 733 extabit
480 671 647 747 exemplum
671 671 735 730 eius
758 671 980 730 consuetudinis
1003 689 1063 747 qua
1080 671 1112 729 in
1129 672 1312 748 compendiis

93 774 101 788 ·
135 781 212 839 quae
245 761 317 820 olim
348 762 510 821 adnotatae
544 764 630 820 erant
662 759 878 835 discrepantiae
906 759 938 818 in
964 760 1060 835 ipsam
1092 761 1313 822 enarrationem

134 851 394 912 convertebantur.
430 850 472 911 Et
495 849 574 908 enirn
596 851 662 907 arte
681 849 839 908 cohaerere
858 849 930 907 haec
950 849 1063 908 scholia
1080 851 1199 910 constat
1216 867 1312 927 neque

135 941 265 1010 alterum
288 942 393 998 uirum
416 958 453 997 ex
474 938 539 1013 ipso
558 940 660 998 vetere
680 937 779 1014 aliquo
798 938 1019 1014 mythograpbo
1043 938 1223 1014 descriptum
1247 957 1312 999 esse

133 1031 235 1104 petest
261 1027 364 1088 statui.
409 1025 495 1096 Quod
526 1027 621 1104 igitur
653 1026 787 1087 diversae
817 1025 960 1086 Oenomai
991 1026 1178 1088 crudelitatis
1206 1045 1312 1088 causae

135 1117 296 1194 utrubique
319 1116 497 1176 adferuntur
519 1116 569 1177 vel
593 1116 746 1175 oraculum
768 1116 819 1175 vel
841 1116 919 1175 filiae
943 1134 1026 1175 amor
1052 1117 1183 1176 incestus
1191 1109 1229 1198 ¹),
1257 1118 1312 1176 has

136 1207 207 1266 olim
226 1206 309 1266 inter
332 1224 363 1265 se
387 1205 553 1282 oppositas,
581 1205 709 1265 alteram
732 1206 769 1265 ab
794 1205 890 1264 altero
913 1204 1058 1280 scriptore
1081 1206 1192 1266 electas
1219 1206 1312 1266 fuisse
1429 1219 1432 1222 ·

134 1315 171 1354 ex
198 1294 304 1355 scholii
329 1294 484 1370 Euripidei
512 1294 611 1354 verbis
643 1290 748 1354 καθὼε
777 1289 808 1353 οἱ
835 1289 1048 1371 άκριβέετεροι
1080 1293 1146 1354 τιῦν
1177 1289 1311 1369 ἱςτοριο-

134 1378 271 1459 γράφων
298 1378 477 1458 γράφουςιν
504 1385 586 1442 recte
613 1383 807 1443 concluditur.
852 1383 956 1459 Neque
990 1383 1078 1442 aliter
1106 1383 1138 1442 in
1166 1383 1203 1444 iis
1235 1403 1312 1460 quae

136 1475 287 1533 secuntur:
315 1468 416 1547 ἠρᾶτο
439 1469 490 1532 καὶ
514 1467 601 1547 παρά
625 1467 788 1547 Μυρτίλου
811 1471 869 1532 τοῦ
892 1468 1102 1546 ἡνιοχοῦντος
1125 1472 1171 1552 τῷ
1194 1468 1312 1548 ταύτης

134 1557 229 1636 πατρί
251 1564 329 1622 latet
351 1561 552 1638 discrepantia
569 1561 737 1620 obscurata.
770 1561 859 1637 Apud
878 1560 1016 1620 Servium
1035 1560 1114 1620 eninr
1134 1559 1185 1638 [ad
1203 1561 1311 1639 Georg.

132 1649 178 1710 III
203 1648 246 1728 U,
273 1651 321 1710 cui
343 1650 559 1726 Hippodamiae
587 1669 671 1710 amor
696 1669 766 1708 axes
789 1649 867 1710 cerei
890 1648 1034 1709 Oenomai
1056 1641 1221 1731 condicio²)
1245 1669 1312 1712 cum

133 1738 253 1799 scholiis
266 1740 434 1800 communia
448 1743 527 1813 sunt,
549 1739 605 1798 hac
618 1739 734 1798 ratione
752 1737 848 1814 patris
871 1739 1002 1816 aurigae,
1021 1741 1056 1798 ut
1074 1742 1225 1798 certamen
1244 1759 1311 1815 par·

133 1827 190 1887 fida
209 1827 307 1905 impar
324 1829 424 1906 faciat,
442 1829 504 1888 filia
524 1828 697 1904 persuadet:
722 1822 866 1904 ‘eorrupit
884 1828 1042 1903 Myrtilum
1062 1827 1197 1904 aurigam
1215 1829 1311 1904 patris

132 1915 222 1992 primi
249 1916 346 1977 coitus
368 1911 530 1994 pactione'.
576 1917 661 1978 Vnde
689 1917 809 1976 illorum
838 1917 943 1976 scholii
958 1916 1124 1992 Euripide
1150 1918 1311 1978 verborum

133 2005 229 2064 omnis
252 2009 339 2066 tenor
362 2011 392 2067 et
418 2007 575 2067 eonsilium
601 2009 735 2083 apparet.
773 2005 919 2076 Quoniam
937 2005 1030 2064 ineis
1054 2025 1129 2082 quae
1148 2005 1180 2064 in
1198 2007 1310 2066 scholio

131 2095 293 2171 Euripidae
322 2098 462 2155 secuntur
489 2097 586 2156 altera
612 2098 702 2171 atque
727 2095 854 2172 simplex
875 2095 988 2172 legitur
1010 2095 1125 2171 fabule,
1153 2096 1203 2155 vel
1221 2095 1310 2156 buius

131 2183 176 2242 rei
208 2185 280 2242 olim
312 2183 389 2242 duae
426 2185 613 2244 narrationes
645 2183 725 2243 inter
757 2203 788 2242 se
820 2186 1010 2260 comparatae
1041 2184 1134 2248 fuisse
1162 2184 1310 2244 videntur.

131 2270 266 2348 Denique
284 2271 316 2328 in
340 2271 450 2331 scholio
475 2269 499 2332 Β
519 2274 582 2332 104
607 2273 707 2330 omnia
729 2273 997 2349 discrepantiarum
1010 2273 1139 2350 vestigia
1153 2273 1310 2334 evanuisse

131 2360 285 2419 videntur:
318 2361 371 2419 sed
396 2360 428 2439 id
458 2379 525 2420 cum
553 2360 660 2421 ceteris
688 2362 847 2422 cohaerere
875 2361 1032 2438 apparebit
1058 2362 1144 2422 initio
1171 2381 1239 2422 cum
1267 2363 1309 2424 aie

130 2450 249 2509 conlato
272 2468 349 2526 quae
373 2468 463 2528 supra
486 2469 522 2509 ex
544 2449 665 2510 scholiis
688 2451 886 2526 Apolloniano
910 2455 941 2512 et
969 2451 1130 2526 Euripidae
1154 2450 1309 2528 exscripsi:

129 2532 334 2613 Ἱπποδάμεια
351 2535 371 2614 ἡ
390 2534 553 2613 Οἰνομάου
577 2533 717 2614 θυγάτηρ
741 2537 941 2614 ἐραςθεῑςα
963 2537 1143 2600 Πέλοπος
1167 2536 1307 2616 Μυρτί-

131 2625 200 2687 λον
221 2624 280 2686 τὸν
302 2623 417 2702 Ἑρμοῦ
440 2625 498 2701 μὲν
521 2623 593 2689 υἱὸν
615 2623 749 2702 ἡνίοχον
768 2626 803 2687 δὲ
822 2628 880 2688 τοῦ
900 2623 1014 2702 ἑαυτῆς
1033 2625 1155 2704 πατρὸς
1178 2624 1307 2703 έπειεε

130 2715 172 2794 τῇ
196 2711 293 2774 κατὰ
315 2716 381 2774 τοῦ
405 2712 548 2790 πατρὸς
571 2711 653 2795 νίκῃ
678 2717 905 2793 ςυνεργῆςαι
933 2713 984 2777 καὶ
1010 2715 1086 2777 τοῦ(
1108 2713 1228 2778 ἵππους
1251 2719 1308 2794 τῆς

130 2797 175 2862 εἰ(
201 2799 239 2863 τὸ
263 2799 388 2877 τρέμων
411 2799 510 2880 ὁρμῆς
533 2805 701 2880 καταςχείν
731 2803 942 2882 βουλομένη
970 2803 1037 2867 τὸν
1064 2803 1226 2868 Πέλοπα
1256 2803 1307 2868 καὶ

130 2888 206 2952 τοὺς
226 2887 347 2952 ἵππους
370 2891 504 2968 λαβεῖν
527 2891 668 2954 καὶτὸν
692 2889 830 2970 ἑαυτῆς
852 2890 988 2969 γάμον·
1011 2890 1136 2955 ἔκειτο
1161 2891 1231 2970 γάρ
1254 2897 1306 2976 τῷ

129 2977 325 3056 νικήςαντι
348 2975 518 3041 ἔπαθλον
542 2977 560 3040 ὁ
583 2979 722 3057 ταύτης
745 2978 877 3059 γάμος,
906 2982 1099 3058 νικηθέντι
1123 2981 1163 3044 δὲ
1188 2979 1307 3045 θάνα-

129 3085 202 3132 τος.
238 3063 531 3144 ἀγωνιζομένων
559 3067 599 3129 δὲ
627 3067 753 3132 αῦτιῦν
777 3066 795 3131 δ
818 3066 1009 3146 Οἰνόμαος
1040 3068 1214 3133 ἐκπίπτει
1237 3073 1306 3134 τοῦ

129 3153 312 3232 ἅρματος·
340 3158 379 3220 οῦ
407 3155 469 3234 γάρ
497 3153 529 3218 αἱ
556 3155 724 3233 χοινικίδες
752 3158 827 3220 τοὺς
850 3155 1007 3236 ἐμβόλους
1030 3158 1184 3236 κατέςχον
1207 3161 1305 3223 τοῦτο

128 3245 410 3323 πανουργήςαντοε
431 3247 491 3308 τοῦ
519 3243 692 3323 Μυρτίλου.
728 3249 842 3309 Eodem
869 3249 956 3308 modo
984 3250 1016 3308 in
1041 3251 1138 3310 altera
1160 3253 1247 3326 parte
1271 3269 1308 3312 ex

130 3333 338 3410 discrepantiis
360 3337 532 3414 compositis
556 3355 616 3396 una
638 3339 748 3398 selecta
771 3340 829 3397 est:

376 3427 467 3487 sebol.
492 3424 514 3486 Β
536 3429 599 3487 104
861 3418 864 3449 ¹
901 3427 991 3488 schol.
1014 3427 1085 3486 Eur.
1109 3425 1158 3488 Or,
1184 3427 1279 3490 9900

128 3509 226 3585 γνοῦς
240 3510 276 3572 δὲ
291 3511 349 3588 τὴν
364 3509 537 3590 ἐπιβουλὴν
552 3510 571 3574 δ
585 3511 746 3591 Οἰνόμαος
769 3510 848 3591 ἀρὰς
876 3511 949 3577 τότε
984 3513 1020 3576 δέ
1051 3510 1137 3575 οὕτω
1170 3514 1306 3591 νικηθεὶς

128 3596 221 3662 έθετο
235 3597 317 3662 κατὰ
330 3599 493 3677 Μυρτίλου
508 3599 598 3664 ὅπως
613 3600 771 3679 ἀπόληται
784 3601 848 3664 ὑπὸ
876 3600 964 3684 δόλῳ
996 3601 1046 3665 καὶ
1074 3599 1306 3681 ἀναιρούμενος

127 3687 296 3752 Πέλοπος·
320 3687 338 3750 ὃ
361 3688 413 3750 καὶ
436 3688 575 3764 ἐγένετο.
615 3689 848 3770 διαβαινόντων
876 3688 1074 3768 κατηράςατο
1089 3695 1136 3774 τῷ
1151 3691 1303 3776 Μυρτίλῳ

127 3773 188 3854 γάρ
212 3775 320 3840 αῦτιῦν
343 3775 396 3840 διὰ
418 3780 476 3840 τοῦ
499 3777 629 3854 Αἰγαίου
652 3778 774 3843 πόντου
799 3780 849 3844 καί
875 3779 974 3856 γνούς
990 3780 1049 3857 τὴν
1062 3778 1238 3858 ἐπιβουλὴν
1249 3779 1305 3846 ίνα

128 3864 300 3944 διψηςάςης
327 3869 384 3944 τῆς
406 3863 627 3945 Ἱπποδαμείας
652 3868 790 3948 καταβὰς
814 3869 849 3932 ἐκ
876 3866 1304 3947 ύπόΠέλοποςάπόληται·ὃ

127 3957 185 4018 τοῦ
204 3953 345 4035 ἅρματος
364 3953 383 4018 ό
401 3955 520 4034 Πέλοψ
538 3956 640 4036 ἐζήτει
659 3955 746 4035 ὕδωρ
769 3957 849 4022 κατά
876 3955 1069 4034 καίγέγονεν
1081 3956 1223 4037 ύετερον.
1238 3963 1303 4023 δια-

129 4075 342 4087 ——.-.....-

203 4126 223 4194 ¹)
241 4126 322 4182 Hunc
345 4128 463 4184 madunt
486 4127 570 4184 etiam
594 4129 656 4185 Nic.
675 4130 754 4184 Dam.
780 4138 811 4186 17
830 4130 994 4186 Pseudolue.
1015 4131 1128 4186 Charid.
1149 4139 1181 4187 19
1200 4132 1304 4203 Hygin.

129 4196 186 4250 fab.
206 4196 335 4254 COXXV.
356 4231 388 4243 -
411 4201 432 4271 ¹)
453 4199 494 4256 ef.
513 4200 601 4256 schol.
620 4201 685 4256 Eur.
709 4204 794 4258 αὐτὸς
817 4206 848 4257 δὲ
872 4206 981 4258 δπιςθεν
1001 4205 1125 4258 ἐλαύνων
1140 4206 1209 4271 μετὰ
1223 4207 1305 4274 δόρα-

128 4284 178 4324 τος
196 4271 242 4323 καί
261 4274 481 4339 καταλαμβάνων
501 4277 604 4329 αύτούς
622 4275 719 4344 ἀνῄρει
738 4273 810 4342 [eod.
827 4275 956 4344 άνῃράτο
976 4274 1103 4343 sequitur
1115 4277 1201 4344 τότε],
1216 4274 1303 4331 sohel.

126 4340 179 4408 Ap.
204 4343 263 4420 οῦκΙ
278 4341 408 4406 ἐβούλετο
431 4345 560 4399 ἐκδοῦναι
579 4347 668 4413 αὐτὴν
685 4345 709 4399 εἰ
725 4349 761 4413 μὴ
776 4346 915 4414 νικὴςαντι
929 4348 969 4402 δι’
982 4347 1084 4402 ἵππων.
1117 4346 1235 4402 Femosa
1249 4346 1304 4402 fuit

128 4409 266 4466 Oenomai
283 4410 368 4466 hasta
385 4413 419 4468 cf.
439 4413 519 4470 Pind
540 4416 583 4471 Ol.
602 4416 615 4470 I
633 4423 667 4472 78
689 4418 739 4485 Ap.
758 4415 824 4487 Arg.
846 4417 858 4470 I
878 4424 938 4474 ἰθύ.
