3086 5124
229 260 297 326 450
657 260 804 320 Eduardue
824 260 977 316 Schworin:

229 446 278 491 ςαι
300 430 425 490 παῖδας.
450 424 529 503 μετὰ
553 425 708 488 δὲταῦτα
792 426 853 503 ἤδη
873 426 908 488 δὲ
926 428 1058 503 πυρςαῖς
1082 425 1209 500 γένυςιν
1232 424 1408 503 έξανδροιί·
1530 479 1531 516 3

228 513 449 593 ἀνδρωθέντος
472 518 531 578 τοῦ
549 514 665 577 παιδὸς
688 512 707 576 ό
1164 531 1260 591 μενος

229 604 287 682 μὲν
310 601 406 667 Λάιος
435 602 558 681 ἔκρινεν
586 602 707 681 ἐπερω-
795 605 870 666 παῖς
885 601 984 680 οὑμός
1000 604 1019 681 ἢ
1035 603 1133 678 γνοὺς
1151 602 1170 680 ἤ
1186 622 1274 667 τινος
1293 603 1408 682 μαθὼν

227 696 318 771 τῆςαι
348 693 407 756 τὸν
439 692 516 757 θεὸν
549 692 622 769 περὶ
649 697 707 758 τοῦ
1163 689 1251 770 πάρα

229 782 369 860 βρέφους
391 784 450 845 τοῖι
472 780 707 859 ἐκτεθέντος,δ
950 780 968 819 *
1014 780 1031 819 *
1076 780 1094 819 *
1140 776 1190 864 ²¹⁸¹)

227 871 263 933 δὲ
297 869 450 934 Οἰδίπους
479 871 589 946 μαθὼν
621 869 709 947 παρά
794 868 913 947 ἔςτειχε
946 869 1022 933 τοὺς
1060 867 1224 947 φύςαντας
1256 868 1408 948 ἐκμαθεῖν

227 977 314 1023 τινος
332 961 391 1038 τὴν
408 956 483 1023 καθ’
497 957 615 1023 ἑαυτὸν
629 957 707 1024 ὑπο·
911 998 912 1002 =
1164 959 1269 1022 θέλων
1532 1031 1533 1042 ,

229 1049 328 1127 βολὴν
355 1046 559 1125 ἐπεχείρηςεν
588 1048 708 1126 ἐπερω-
794 1048 875 1127 πρὸς
891 1049 983 1126 δῶμα
1002 1045 1122 1126 Φοίβου
1143 1045 1239 1111 Λάιός
1255 1045 1287 1113 θ’
1306 1047 1407 1127 οὑμὸς

227 1141 316 1214 τῆςαι
329 1137 389 1215 τὴν
406 1136 531 1201 Πυθίαν
550 1137 623 1215 περὶ
641 1139 707 1202 τῶν
1163 1135 1253 1202 πόςις

226 1223 299 1289 κατ’
317 1223 469 1305 ἀλήθειαν
486 1227 613 1302 γονέων
638 1230 703 1290 κτλ.
794 1225 852 1290 τὸν
888 1225 1057 1290 ἐκτεθέντα
1098 1228 1199 1289 παῖδα
1240 1226 1406 1304 μαςτεύων

1163 1318 1276 1393 μαθεῖν

737 1410 778 1468 37
795 1401 821 1467 εἰ
841 1401 950 1482 μηκέτ’
968 1400 1017 1481 είη
1046 1404 1110 1468 κτλ.

226 1493 333 1556 Cetera
364 1497 428 1572 ipse
460 1515 626 1573 compares:
663 1516 756 1572 usque
786 1496 825 1555 ad
851 1497 1002 1572 Polynicis
1030 1496 1134 1572 fugam
1165 1496 1264 1556 omnia
1297 1497 1403 1556 eadem

226 1588 308 1644 suni:
336 1605 428 1644 unum
451 1586 477 1646 ei
499 1585 648 1662 exceperis
676 1587 774 1645 locum
801 1605 859 1662 quo
889 1585 926 1644 de
955 1585 1095 1662 Sphinge,
1125 1603 1215 1661 quam
1242 1585 1403 1662 Euripides

226 1673 322 1734 obiter
345 1675 601 1751 commemoravit,
633 1675 721 1751 plura
747 1674 896 1734 Diodorus
924 1674 1049 1734 adnotat
1074 1671 1111 1748 [o.
1136 1670 1191 1749 64,
1221 1672 1271 1751 4]:
1303 1671 1344 1750 ἦν
1367 1672 1404 1736 δὲ

226 1759 264 1822 τὸ
288 1762 445 1837 προτεθὲν
472 1759 535 1824 ὑπὸ
563 1765 619 1839 τῆς
644 1760 785 1839 (φηγός
813 1759 842 1823 τί
865 1759 928 1825 ἐςτι
956 1760 995 1823 τὸ
1024 1758 1103 1822 αὐτὸ
1132 1758 1247 1822 δίπουν
1270 1758 1405 1837 τρίπουν

226 1848 277 1911 καὶ
299 1847 488 1926 τετράπουν.
519 1848 751 1928 ἀπορουμένων
774 1850 810 1912 δὲ
834 1851 900 1912 τῶν
924 1846 1032 1912 ἄλλων
1056 1846 1075 1911 ὁ
1098 1846 1252 1911 Οἰδίπους
1274 1846 1401 1928 ἀπεφή-

224 1956 304 2001 νατο
323 1935 495 2016 ἄνθρωπον
514 1936 651 2002 εἶναιτὸ
670 1939 865 2017 προβληθέν·
889 1939 1004 2016 νήπιον
1023 1937 1081 2016 μὲν
1099 1937 1160 2014 γὰρ
1182 1935 1281 2001 αὐτὸν
1300 1935 1401 2016 ὑπάρ-

189 2027 191 2032 ’
224 2044 324 2103 χοντα
348 2025 528 2105 τετράπουν
553 2025 643 2104 εἶναι,
667 2026 845 2105 αὐξήςαντα
869 2027 904 2089 δὲ
923 2025 1047 2103 δίπουν,
1071 2023 1255 2103 γηρόςαντα
1279 2027 1314 2089 δὲ
1338 2025 1403 2104 τρί·

223 2134 308 2178 πουν
338 2115 487 2198 βακτηρίᾳ
514 2115 682 2195 χρώμενον
710 2114 762 2179 διὰ
788 2115 847 2193 τὴν
875 2113 1049 2178 ἀςθένειαν.
1083 2114 1223 2178 ἐνταῦθα
1252 2115 1309 2192 τὴν
1343 2115 1402 2192 μὲν

223 2203 347 2283 (φίγγα
370 2205 450 2268 κατὰ
472 2206 530 2270 τὸν
549 2204 832 2283 μυθολογούμενον
851 2203 990 2282 χρηςμόν
1010 2202 1126 2282 ἑαυτὴν
1145 2200 1399 2282 κατακρημνίςαι

222 2295 363 2374 Sphingis
386 2297 524 2374 aenigma
546 2297 777 2357 Phoenissarum
796 2296 916 2357 scholiis
938 2295 1085 2356 traditum
1103 2313 1168 2356 esse
1191 2315 1253 2355 non
1276 2315 1401 2372 urgeam

219 2386 328 2462 quippe
351 2386 431 2462 quod
453 2388 558 2462 cuique
581 2388 686 2446 notum
709 2389 797 2462 esset,
821 2385 873 2444 sed
896 2385 933 2444 de
957 2384 1098 2462 Sphingis
1121 2387 1219 2444 morte
1242 2385 1279 2444 cf.
1309 2385 1400 2446 schol.

219 2492 262 2535 vs.
295 2476 338 2535 50
371 2473 455 2534 τινες
488 2472 523 2536 δέ
556 2491 633 2550 φαςι
664 2471 743 2553 τύχῃ
776 2474 866 2534 λῡςαι
906 2470 944 2534 τὸ
984 2467 1113 2547 αἴνιγμα
1148 2469 1199 2533 καὶ
1243 2472 1400 2534 δακτυλο-

219 2563 354 2624 δεικτεῖν
391 2560 410 2624 ὃ
443 2560 507 2624 ἐςτι
538 2581 556 2620 κ
587 2561 645 2624 τὸν
686 2558 860 2638 ἄνθρωπον
898 2580 916 2619 κ
953 2558 1070 2636 ἑαυτὴν
1117 2557 1329 2637 διεςπόραξεν
1367 2566 1399 2623 οῖ

218 2671 260 2713 vs.
282 2654 366 2714 1506
386 2650 463 2727 φαςὶ
480 2649 542 2728 γὰρ
561 2647 609 2713 ότι
627 2649 781 2714 λύςαντος
800 2652 858 2713 τοῦ
874 2646 1045 2712 Οἰδίποδος
1064 2647 1102 2711 τὸ
1119 2641 1248 2724 ἀίνιγμα
1268 2646 1396 2713 διεςπά-

218 2740 314 2814 ραξεν
346 2736 463 2816 ἑαυτὴν
494 2738 514 2817 ἡ
543 2737 649 2817 (φίγξ.
696 2741 782 2812 Quod
815 2741 840 2800 si
871 2741 952 2800 idem
982 2740 1095 2817 legitur
1127 2739 1207 2817 apud
1239 2739 1396 2817 Hyginum

219 2825 292 2904 [fab.
320 2827 446 2905 LXVII]
472 2834 503 2890 ei
524 2830 741 2907 Apollodorum
765 2828 825 2906 [HI
850 2831 879 2906 5,
904 2833 932 2891 7.
956 2827 1000 2906 8],
1024 2832 1104 2888 certe
1127 2828 1159 2888 in
1181 2827 1394 2890 bibliothecam

218 2918 290 2978 haee
309 2937 346 2978 ex
364 2918 482 2978 scholiis
501 2919 670 2996 Euripideis
693 2919 863 2994 pervenisse
882 2919 1002 2978 aliunde
1024 2919 1150 2977 conciat.
1191 2918 1333 2978 Narratio
1357 2938 1394 2978 eii

218 3008 342 3084 prologo
361 3007 522 3090 Euripidae
541 3012 572 3069 et
589 3008 692 3085 paucis
710 3007 783 3067 locis
802 3006 910 3084 Oedipi
927 3007 1018 3084 Regis
1039 3005 1204 3082 composita
1222 3010 1282 3068 est:
1306 3008 1394 3067 Euri-

216 3096 305 3172 pidea
322 3097 495 3156 referuntur
508 3097 594 3157 inicio
612 3115 706 3173 usque
725 3097 763 3156 ad
781 3097 875 3156 verba
892 3093 1072 3157 τελειωθεὶς
1092 3093 1127 3155 δὲ
1147 3089 1166 3155 ὁ
1185 3095 1269 3172 παῖε,
1289 3101 1395 3174 postea

218 3179 370 3245 Οἰδίπους
393 3183 429 3245 δὲ
452 3181 704 3261 -Ἀντιγόνην,
729 3186 894 3262 Sophoclea
916 3185 1002 3245 haec:

270 3274 342 3335 bibl.
365 3274 413 3334 ΙΙΙ
436 3276 465 3352 5,
491 3279 518 3352 7,
543 3277 562 3337 3
933 3273 1022 3349 Soph.
1046 3270 1106 3333 OE.

262 3360 441 3424 τελειωθεὶς
455 3362 490 3424 δὲ
508 3359 526 3424 δ
541 3364 616 3424 παῖς
647 3366 710 3424 775
973 3356 1096 3436 ἠγόμην
1115 3354 1147 3421 δ’
1167 3356 1249 3439 ἀνὴρ

217 3448 267 3512 καὶ
282 3449 446 3527 διαφέρων
465 3452 532 3513 τῶν
548 3449 615 3528 ἡλί-
646 3455 708 3513 776
719 3447 825 3513 ἀετῶν
843 3449 987 3527 μέγιςτος
1006 3449 1073 3511 τιῖιν
1092 3447 1158 3511 ἐκεῖ
1176 3485 1235 3511 ..ν

216 3557 283 3602 κων
302 3538 338 3601 ἐν
357 3536 446 3621 ῥώμῃ
467 3538 518 3601 διὰ
534 3537 615 3617 φθό-
645 3545 662 3601 7
668 3533 1396 3622 79όινὴργὰρἐνδείπνοιςμ’ὑπερπληςθεὶςμέθῃ

218 3645 277 3690 νον
287 3623 468 3692 ὠνειδίζετο
475 3625 615 3706 ὑπόβλη-
646 3631 710 3690 780
725 3629 815 3691 καλεῖ
828 3623 903 3704 παρ’
913 3623 993 3708 οἴνῳ
1005 3625 1145 3690 πλαςτός
1157 3624 1202 3689 ὡς
1212 3625 1281 3706 εἴην
1292 3627 1396 3706 πατρί.

217 3735 281 3780 τος.
300 3713 365 3778 oei
374 3714 616 3793 πυνθανόμενος
647 3721 708 3779 782
726 3764 732 3778 .
752 3764 759 3778 .
782 3765 789 3778 .
834 3716 953 3798 θατέρᾳ
971 3712 1004 3778 δ’
1022 3713 1082 3778 ἰὼν
1101 3715 1202 3780 πέλας

217 3803 305 3881 παρὰ
346 3808 401 3883 τῆς
444 3803 616 3884 Περιβοίας
725 3803 842 3883 μητρός
872 3799 1027 3888 πατρόςί)
1056 3802 1090 3868 τ’
1118 3805 1272 3883 ἤλεγχον
1300 3802 1332 3867 οἱ
1359 3803 1395 3868 δὲ

219 3896 332 3969 μαθεῖν
369 3892 428 3957 οὐκ
466 3893 616 3957 ἐδύνατο·
1121 3890 1291 3971 δυςφόρως

217 3979 413 4060 ἀφικόμενος
423 3983 459 4045 δὲ
475 3982 519 4046 εἰς
532 3982 616 4046 Δελ-
650 4049 659 4069 ·
725 3979 891 4045 τοῦνειδος
905 3981 986 4060 ἦγον
1001 3985 1047 4064 τῷ
1063 3983 1187 4060 μεθέντι
1201 3980 1259 4044 τόν
1279 3980 1391 4056 λόγον·

219 4071 303 4148 φοὺς
335 4071 408 4148 περί
435 4075 501 4135 τῶν
529 4070 619 4135 ἰδίων
726 4068 814 4147 κάγιῖι
827 4069 932 4148 τὰμὲν
944 4069 1061 4135 κείνοιν
1072 4067 1353 4148 ἐτερπόμην,όμως
1366 4067 1396 4133 δ’

217 4157 417 4224 ἐπυνθάνετο
440 4160 574 4236 γονέων.
599 4158 633 4241 όΙ
726 4157 826 4224 έκνιζέ
842 4157 877 4237 μ’
890 4157 941 4225 ἀεῖ
954 4157 1054 4224 τοῦθ’·
1073 4158 1211 4238 ὑφεῖρπε
1225 4158 1288 4237 γὰρ
1297 4159 1393 4225 πολύ.

298 4297 318 4378 ¹)
338 4295 406 4378 Cum
426 4313 459 4378 ex
477 4296 539 4366 ipio
558 4297 706 4351 verborum
724 4296 799 4351 melo
823 4297 957 4352 contexui
980 4299 1042 4352 tum
1060 4313 1094 4353 ex
1115 4295 1233 4352 Diodori
1255 4296 1319 4353 loco
1336 4315 1396 4354 ver-

225 4385 287 4421 sum
304 4368 483 4422 intercidisse
502 4370 626 4437 epparet.
652 4399 685 4408 -
710 4366 731 4438 ¹)
750 4367 863 4422 Pairem
883 4367 979 4422 omisit
1000 4368 1192 4424 bibliothecae
1211 4371 1310 4424 eucher
1330 4369 1397 4439 quia

225 4437 389 4510 Euripidem
413 4441 524 4495 secutus
544 4439 718 4511 Oedipodem
737 4456 755 4494 e
772 4442 863 4494 matre
883 4439 1059 4510 suppositum
1078 4457 1138 4497 eise
1156 4443 1329 4496 narraverat.
