3086 5124
247 255 289 308 De
307 253 422 309 scholiis
441 252 597 310 Homericis
617 253 654 309 ed
671 253 819 310 historiam
837 253 993 310 fabularem
1011 255 1324 326 ρο11111ο111111111.421

149 363 354 498 ἐψηφίταντο
377 417 531 502 “Ελληνεε
555 420 592 500 [Β
618 426 734 501 690sq.
758 421 784 485 Τ
809 421 880 501 60]
910 417 985 484 ἀπὸ
1014 421 1053 484 δὲ
1084 425 1149 501 τῆτ
1179 421 1325 500 Χρύτητ

151 507 346 586 Χρυεηίδα
369 510 433 573 κτλ.

243 601 344 661 iltiem
357 602 546 678 repetitionis
560 602 657 680 figure
672 603 804 662 oratorie
818 621 854 662 cx
868 603 930 662 hist
916 603 995 662 toric
1007 603 1139 663 fabulari
1148 605 1326 680 explicatur.

261 743 263 752 ι
288 687 848 769 1ο1ο1..(39911παναλαμβάνει
880 686 925 752 ὡ(
956 692 1012 767 τῆτ
1041 687 1177 768 Χάριτοε
1209 691 1327 769 μητρότ

275 775 381 855 edent
405 775 587 855 Εὐρυνόμη(

402 864 434 929 οἱ
456 866 492 929 δέ
508 867 553 944 ’με’
577 863 609 929 κ’
631 864 795 944 Εὐρυνόμη
819 866 966 944 Τιτηνιά(
989 865 1053 933 είπι
1077 865 1185 933 ἔτικτε.

150 957 196 1016 De
221 955 396 1017 Callimachi
418 977 508 1019 versu
532 961 671 1034 corrupte
695 959 731 1018 cf.
757 958 930 1018 Schneideri
953 957 1027 1020 call.
1051 959 1081 1019 II
1103 981 1132 1036 p.
1157 962 1221 1021 630
1232 980 1273 1037 sq.

241 1046 356 1106 Deinde
369 1048 428 1106 huc
441 1048 539 1107 refero
553 1066 629 1123 quce
643 1066 703 1107 non
723 1048 821 1107 minus
840 1048 971 1108 absurda
989 1049 1026 1109 de
1044 1048 1179 1108 Briseide
1197 1049 1326 1125 primum

149 1135 255 1194 meriti
277 1135 383 1196 deinde
407 1125 536 1196 fratrum
559 1137 716 1196 interitum
739 1141 845 1214 queste
867 1138 1074 1214 proferuntur:

287 1225 377 1287 schol.
397 1222 422 1286 Τ
442 1225 581 1286 291BV
601 1272 652 1288 ...
676 1221 856 1302 φιλάνδρου
875 1224 911 1286 δὲ
926 1223 1084 1300 γυναικὸτ
1102 1222 1140 1286 τὸ
1159 1227 1326 1302 προθεῖναι

287 1315 344 1390 τῆε
366 1313 433 1374 τῶν
456 1309 610 1390 ἀδελφῶν
632 1313 691 1390 τὴν
714 1315 772 1376 τού
796 1310 914 1390 άνδρό(
933 1309 1112 1377 ἀπώλειαν·
1135 1312 1266 1390 τοιαύτη
1283 1309 1325 1376 ’δὲ

287 1398 339 1463 καὶ
368 1397 568 1478 Ἀνδρομάχη
594 1400 635 1479 [Ζ
658 1401 801 1481 4191111
825 1401 905 1465 κατά
927 1400 989 1480 γάρ
1014 1401 1165 1466 Μναεέαν
1190 1401 1324 1481 Βριεέωτ

286 1487 354 1552 οἱὸ(
377 1489 417 1569 ἦν
440 1486 582 1554 Ἠετίων.

151 1582 293 1642 Mnaseue
306 1581 389 1642 locus
407 1582 461 1640 uni
475 1582 555 1642 inest
573 1582 666 1642 codici
680 1581 852 1642 Victorieuo
868 1585 899 1642 et
913 1601 1019 1642 vereor
1031 1541 1067 1642 ut
1079 1582 1235 1642 Bekkerus
1250 1602 1326 1659 quae

151 1671 191 1730 ed
213 1671 291 1730 hunc
313 1690 434 1731 versum
458 1672 513 1731 sub
537 1671 622 1750 signo
644 1672 670 1730 Β
695 1671 797 1745 edidit,
821 1674 902 1731 recte
930 1674 961 1731 et
989 1691 1024 1730 ex
1044 1670 1178 1730 codicum
1197 1672 1326 1732 auctori-

151 1760 248 1820 tate'
239 1779 271 1824 m
292 1781 385 1820 unum
409 1755 553 1821 scholium
576 1751 835 1838 conglutinaverit

242 1849 377 1928 Denique
400 1849 438 1909 ed
457 1852 617 1911 verborum
634 1849 912 1925 interpretationem
936 1851 1071 1924 spectare
1089 1849 1210 1910 videtur
1233 1850 1325 1927 expli·

151 1939 231 1998 catio
254 1957 358 2001 versus
383 1940 506 2017 necyiec
529 1934 671 2012 γυναίων
695 1933 801 1999 ε1νεκα
825 1934 941 2014 δώρων
965 1935 997 2013 [λ
1023 1935 1115 2014 521]:

286 2030 378 2090 schol.
402 2029 420 2088 λ
445 2031 507 2089 521
534 2027 592 2086 TV
616 2022 696 2088 ἔνιοι
723 2025 781 2102 μὲν
808 2024 925 2101 γύναια
954 2026 1043 2102 δῶρα
1073 2021 1235 2089 άπέδοεαν
1267 2026 1326 2103 τὴν

286 2119 404 2194 χρυτῆν
427 2110 572 2193 ἄμπελον
595 2116 635 2192 ἣν
659 2113 827 2191 ἐχαρίτατο
846 2114 929 2178 Ζεύε
948 2111 1035 2192 Τρωῖ
1058 2111 1128 2177 ἀντὶ
1150 2117 1207 2190 τῆτ
1227 2114 1247 2177 Γ
1248 2133 1325 2177 ανυ-

285 2205 405 2282 μήδουτ
424 2201 584 2282 άρπαγῆε·
607 2203 674 2282 ἥτιε
692 2202 774 2266 κατὰ
792 2203 947 2281 διαδοχὴν
966 2201 1137 2279 μετέπετεν
1162 2201 1206 2266 εἰ(
1224 2201 1326 2280 Πρία-

284 2309 359 2370 μον·
383 2291 480 2357 οὐδὲν
506 2292 542 2354 δὲ
565 2291 691 2356 τούτων
714 2288 803 2354 οἶδεν
829 2290 980 2368 Ὅμηροε.
1009 2294 1152 2368 κρεῖττον
1180 2291 1215 2354 δὲ
1243 2289 1323 2356 άπα-

285 2379 409 2446 διδόναι
438 2379 483 2443 ώε
511 2380 667 2458 ύπέτχετο
696 2379 841 2459 Πρίαμοτ
873 2383 919 2463 τῷ
949 2379 1124 2462 Εὐρυπύλῳ
1158 2379 1231 2458 μίαν
1258 2383 1325 2445 τών

183 2483 187 2492 “
285 2471 471 2548 θυγατέρων
495 2470 608 2534 δώτειν
631 2472 767 2546 γυναῖκα
790 2467 835 2532 ώτ
858 2469 909 2532 καὶ
932 2466 1101 2546 Ὀθρυονεῖ
1122 2467 1288 2547 ύπέτχετο.

284 2561 321 2625 ἐν
340 2560 376 2623 δὲ
391 2557 493 2642 ἄλλῳ·
521 2561 587 2622 τών
614 2559 777 2623 δοθέντων
800 2557 916 2635 δώρων
935 2563 973 2641 τῇ
993 2556 1180 2636 Εὐρυπύλου
1199 2559 1324 2634 γυναικὶ
1368 2619 1373 2628 .

284 2648 349 2714 ὑπὸ
385 2651 445 2712 τού
478 2646 625 2727 Πριάμου
652 2647 706 2712 ἵνα
734 2645 824 2730 πείεῃ
852 2646 911 2710 τὸν
939 2642 1041 2723 ἄνδρα
1074 2644 1172 2726 αὐτῆ(
1206 2645 1326 2712 ἄκοντα

286 2739 525 2817 ἐπιετρατεύεαι
548 2737 790 2815 (υμμαχήτοντα
811 2740 880 2801 solt
903 2734 1014 2814 Τρωεί.
1308 2785 1311 2790 .

284 2829 344 2890 BG
362 2825 383 2889 ά
401 2825 510 2890 ἐδίδου
530 2827 617 2890 ξένια
642 2825 686 2890 εἰ(
709 2825 748 2889 τὸ
767 2828 953 2889 καταπεῑεαι
976 2825 1035 2888 τὸν
1058 2820 1161 2903 ἄνδρα
1183 2823 1325 2892 ἐξελθεῖν

287 2915 332 2979 εἰ(
355 2915 394 2978 τὸ
416 2913 583 2980 ταξείδιον.
630 2913 662 2978 οἱ
685 2914 743 2993 μὲν
767 2914 819 2978 διὰ
841 2915 900 2979 τὸν
922 2912 1085 2992 Ἑρμιόνη(
1108 2912 1226 2992 γάμον·

328 3004 365 3068 ἐν
388 3003 485 3086 Τροίῃ
508 3003 570 3081 γάρ
594 3006 724 3082 πρῶτον
747 3001 903 3081 ύπέτχετο
926 3003 978 3066 καὶ
1001 3003 1189 3067 κατένευεεν
1214 3004 1246 3082 [δ
1267 3004 1300 3083 θ]

284 3091 494 3159 δΜενέλαοτ
516 3097 563 3176 τῷ
588 3092 813 3176 Νεοπτολέμῳ.
841 3090 872 3155 οἱ
900 3092 935 3154 δὲ
959 3089 1008 3155 ὅτι
1037 3090 1183 3169 ἄμπελον
1207 3095 1326 3172 χρυεῆν

284 3181 429 3260 Πρίαμοε
454 3180 661 3260 ώμολόγηεεν
688 3178 840 3264 Ἀττυόχῃ
864 3183 902 3265 τῇ
932 3179 1049 3244 ἑαυτοῦ
1077 3179 1203 3265 ἀδελφῇ
1228 3180 1324 3260 Εὐρυ-
1398 3203 1400 3208 ·

284 3270 390 3335 πύλου
417 3271 453 3334 δὲ
483 3271 573 3350 μητρὶ
601 3269 654 3334 ἐπὶ
681 3274 727 3353 τῷ
751 3270 874 3347 πέμψαι
897 3270 957 3333 τὸν
985 3269 1063 3335 υἱόν.
1105 3266 1184 3334 ἔνιοι
1212 3270 1248 3334 δὲ
1276 3268 1325 3334 ὅτι

283 3359 428 3440 Πρίαμοε
442 3359 597 3437 ὑπέεχετο
613 3358 686 3437 μίαν
699 3361 766 3422 τῶν
783 3359 969 3437 θυγατέρων
985 3357 1160 3442 Εὐρυπύλῳ
1175 3358 1325 3424 ἑκδώτειν

284 3452 419 3526 γυναῖκα
443 3448 487 3512 ώτ
511 3449 562 3512 καὶ
584 3446 760 3527 Ὀθρυονεῑ.

149 3542 328 3620 Interpretis
364 3545 465 3620 partes
498 3541 676 3602 encleticum
707 3560 796 3618 egere
822 3559 861 3599 ne
888 3540 1018 3617 mireris,
1045 3540 1081 3600 cf.
1114 3539 1207 3601 verbe
1241 3539 1324 3601 Stre·

149 3631 236 3692 bouis
266 3629 354 3709 [XIII
380 3652 409 3708 p.
439 3627 517 3707 615]
536 3677 570 3691 ..
599 3626 673 3692 οὐτε
696 3626 759 3705 γάρ
785 3627 860 3691 τοὺ(
890 3625 1038 3703 Κητείου(
1064 3624 1153 3702 ἵεμεν
1180 3624 1326 3690 ούττινα(

150 3717 297 3782 δέξαεθαι
320 3720 370 3781 δεῖ
393 3715 467 3780 οὔτε
490 3716 528 3779 τό
551 3715 693 3793 γυναίων
716 3716 823 3780 ε1νεκα
846 3713 974 3794 δώρων·
997 3712 1081 3779 ἀλλά
1103 3715 1154 3778 καὶ
1172 3713 1204 3778 cl
1226 3734 1324 3794 γραμ-

150 3808 274 3884 ματικοὶ
302 3804 438 3885 μυθάρια
465 3804 728 3886 παραβάλλοντετ
762 3804 994 3883 εὑρετιλογούει
1022 3805 1145 3881 μάλλον
1172 3805 1191 3882 ἢ
1216 3804 1325 3869 λύουτι

149 3895 191 3959 τὰ
217 3895 405 3975 ζητούμενα.
449 3898 495 3956 Dc
518 3898 574 3958 viti
596 3917 687 3957 auree
710 3898 747 3958 cf.
770 3898 873 3959 scholi.
895 3898 966 3958 Eur.
994 3895 1102 3958 Troed.
1130 3898 1192 3956 821
1226 3895 1324 3958 Orest.

153 3991 247 4050 1392.
284 3987 416 4048 Febules
440 4005 493 4046 suc
517 4005 599 4047 more
622 3987 741 4047 miscuit
765 3991 795 4046 ct
816 3986 965 4065 'pervertit
986 3985 1093 4064 Dictys
1118 3982 1325 4063 [111114]:..

150 4095 234 4152 quem
261 4096 313 4138 rea
345 4078 443 4137 mallis
475 4079 562 4137 autea
594 4077 718 4136 illectam
739 4079 884 4150 praemiis
912 4077 951 4136 ad
977 4079 1156 4150 postremam
1184 4077 1325 4136 οδῑαύοιιο

150 4169 308 4242 carpam
346 4167 533 4228 Cassandrae
573 4167 802 4237 confirmaverat.
851 4165 910 4224 Sed
944 4167 1019 4224 inter
1060 4168 1153 4242 αυίονα
1188 4182 1262 4238 quac
1299 4167 1325 4224 ei

144 4257 326 4331 ριιίοονιύιιιιι
357 4259 477 4316 miserat
503 4255 657 4316 addiderat
689 4256 776 4314 etiam
803 4255 888 4312 uilem
915 4255 1063 4327 quandam
1095 4269 1168 4312 auro
1196 4251 1325 4324 effectam

150 4350 178 4405 et
199 4347 233 4405 οὐ
255 4348 287 4405 dd
303 4363 361 4420 per
377 4345 504 4420 popualus
525 4344 746 4406 ιιιοιιιοταύίίοω.
787 4341 922 4419 Denique
954 4361 991 4402 ex
1019 4342 1105 4402 docto
1134 4341 1245 4400 scholio
1273 4342 1324 4402 de·

151 4438 273 4510 sumpte
296 4438 343 4493 est
366 4453 442 4510 quae
465 4432 503 4492 ed
528 4433 545 4494 λ
571 4436 635 4495 520
658 4432 771 4510 legitur
792 4426 921 4506 ἱετορία.
