3086 5124
230 246 271 302 De
291 244 407 302 scholiis
425 246 582 302 Homericis
602 248 638 302 ad
657 246 803 301 historiam
822 247 978 302 fabularem
996 247 1211 317 pertinentibus.
1244 246 1310 311 433

269 411 394 478 καὶδύο
412 413 551 487 γενέεειε
568 411 721 492 Χαρίτων,
742 411 773 475 αἱ
792 413 849 489 μὲν
864 411 1046 491 Εὐρυνόμη(
1060 412 1111 476 καὶ
1125 411 1207 476 Διὸ(
1227 411 1259 475 αἱ
1273 414 1309 474 δὲ

268 501 370 580 Ἥρα(
389 502 440 564 καὶ
459 501 540 565 Διὸ(
559 499 604 565 ἔτι
624 503 792 579 παρθένοι·
816 505 866 566 δεῖ
884 502 920 565 δέ
940 499 1111 584 Ἀφροδίτῃ
1131 502 1311 580 παρθένων.

270 595 360 656 schol.
385 594 403 653 b
430 598 467 654 11
495 641 554 655 ...
578 590 725 670 ἐπιφέρει
749 592 784 653 δὲ
809 591 859 654 καὶ
883 589 902 653 ὁ
925 593 1058 669 ποιητὴς

413 715 522 800 Ἑλένῃ
541 717 581 796 δὲ
606 717 674 781 θεοὶ
696 715 797 792 γόνον
821 713 929 780 οὐκέτ’
952 715 1089 794 ἔφαινον

268 845 411 906 πιθανῶς
433 840 487 905 ίνα
510 841 562 904 ἐπὶ
588 843 738 904 πλείετον
766 838 886 923 ἀκμάεῃ
914 841 933 920 ἢ
960 840 1014 904 ἵνα
1038 841 1070 905 ἐξ
1098 839 1310 920 Ἀλεξάνδρου

268 930 370 1008 γόνον
385 931 425 1009 μὴ
443 935 508 1014 εχῇ.
533 928 563 993 οἱ
582 930 617 993 δὲ
638 929 789 1008 νεώτεροι
808 929 935 1007 Ἑλένη(
955 929 1012 1007 μὲν
1031 930 1082 993 καὶ
1100 927 1311 1008 Ἀλεξάνδρου

271 1019 451 1100 Κόρυθονῆ
475 1018 623 1097 Ἕλενον,
647 1019 683 1082 ἐκ
707 1020 742 1082 δὲ
762 1017 943 1082 ,Μενελάου
963 1018 1176 1097 Νικόετρατον
1199 1038 1310 1096 γενεα-

269 1112 407 1186 λογοθει.

136 1203 180 1262 De
195 1202 311 1261 Heleno
326 1201 444 1261 aliunde
462 1201 538 1260 nihil
552 1204 682 1278 constat;
698 1199 864 1277 Corythum
879 1199 1012 1259 Helenae
1027 1219 1091 1260 esse
1106 1202 1201 1260 filium
1216 1222 1311 1279 neque

138 1291 221 1352 cuiue
243 1292 333 1368 volgo
356 1291 510 1350 ferebatur
534 1290 674 1350 Oenenae
698 1293 802 1350 auctor
826 1291 873 1348 est
896 1289 1046 1349 Nicander
1070 1287 1223 1365 [Parthen.
1246 1291 1312 1368 34],

136 1381 340 1448 Nicostratum
362 1379 496 1439 Helenae
520 1379 660 1439 attribuit
683 1379 831 1438 Hesiodus
856 1378 945 1437 schol.
971 1379 1060 1454 Soph.
1089 1380 1134 1440 hil.
1160 1383 1237 1457 539,
1261 1381 1313 1440 ubi

136 1468 275 1529 similiter
287 1471 323 1527 ut
335 1469 494 1545 Euripides
508 1469 539 1526 in
553 1469 665 1529 scholio
677 1487 767 1544 supra
776 1471 1008 1527 commemorato
1017 1465 1141 1544 [pnes]
1151 1469 1312 1545 Sophocles

135 1559 173 1618 ab
197 1558 233 1617 iis
257 1557 427 1618 defenditur
450 1558 501 1634 qui
524 1576 592 1616 eum
616 1559 653 1616 ab
673 1557 803 1617 Homero
823 1557 993 1616 discessisse
1013 1557 1232 1633 vituperabant.
1266 1559 1313 1617 Hx

135 1667 222 1708 serva
245 1667 312 1706 eum
336 1649 528 1707 cesenatem
552 1646 646 1706 tradit
664 1647 828 1706 Pausanias
851 1646 883 1704 in
903 1645 1083 1722 Argivorum
1106 1647 1313 1724 archaeologia

137 1732 181 1812 [H
202 1738 252 1812 18,
273 1735 317 1812 6].
344 1737 505 1796 Praeterea
523 1737 560 1796 cf.
580 1737 670 1795 schol.
689 1735 761 1796 Eur.
784 1735 874 1794 Andr.
900 1737 964 1794 898
997 1735 1134 1811 Αροίλοιί.
1159 1736 1205 1794 III
1227 1740 1309 1813 11,1

137 1823 285 1902 Porphyr.
307 1826 339 1883 in
362 1825 451 1886 schol.
477 1822 497 1884 Γ
518 1819 624 1906 175.¹)

223 1914 358 1990 Denique
387 1915 486 1974 nescio
518 1934 557 1974 an
584 1914 656 1973 olim
683 1914 803 1973 fabulae
831 1912 1008 1973 Homericae
1036 1913 1174 1990 opposita
1200 1914 1313 1975 fuerint

95 2021 98 2026 ’
137 2022 212 2079 quae
236 2003 272 2062 de
297 1999 451 2079 Sophoclis
474 2003 638 2062 Hermiona
661 2002 855 2062 adnotantur:

269 2092 358 2152 schol.
379 2092 397 2152 δ
412 2095 432 2152 4
453 2089 619 2169 (οφοκλῆε
634 2088 670 2152 έν
692 2087 836 2171 Ἑρμιόνῃ
852 2088 947 2167 φηείν
967 2087 1012 2150 ἔτι
1028 2087 1063 2153 ἐν
1077 2087 1176 2170 Τροίᾳ
1194 2087 1312 2166 τυγχά-
1366 2145 1368 2149 ,

269 2197 385 2242 νοντοε
427 2177 597 2241 Μενελάου
637 2178 806 2255 ἐκδοθῆναι
839 2179 898 2255 τὴν
934 2176 1100 2255 Ἑρμιόνην
1132 2175 1196 2240 ὑπὸ
1232 2176 1314 2241 Τυν-

272 2265 378 2343 δάρεω
401 2270 448 2348 τῷ
471 2263 615 2348 Ὀρέετῃ,
643 2266 723 2329 κατὰ
751 2268 785 2328 δὲ
810 2265 978 2344 ὑπόεχεειν
1005 2267 1140 2345 ἥκοντα(
1170 2267 1312 2330 Νεοπτου

270 2355 368 2432 λέμου
393 2352 604 2434 ἀφαιρεθῆναι
627 2354 685 2417 τὸν
709 2353 858 2433 Ὀρέετην
885 2356 1016 2433 ταύτην·
1045 2354 1142 2419 πάλιν
1174 2356 1210 2418 δὲ
1234 2354 1313 2439 αὐτῇ

272 2448 449 2522 ευνοικῆεαι
477 2444 535 2507 τὸν
564 2441 713 2522 Ὀρέετην
739 2445 966 2522 Νεοπτολέμου
994 2445 1030 2508 έν
1053 2445 1159 2508 Πυθοῑ
1187 2442 1313 2522 ἀναιρε-

271 2533 381 2598 θέντοε
405 2531 469 2596 ὑπὸ
494 2533 685 2610 Μαχαιρέωε
708 2533 761 2596 καὶ
783 2532 856 2600 τότε
880 2533 938 2597 τὸν
956 2533 1132 2611 Τιεαμενόν
1154 2537 1313 2611 γεννῆεαι.

225 2626 272 2683 Ex
293 2625 340 2684 his
364 2625 501 2685 omnibus
525 2625 581 2684 hoc
603 2628 683 2685 certe
707 2627 834 2702 constat,
857 2629 1015 2702 postquam
1034 2626 1226 2685 Aristarchus
1249 2625 1312 2685 Ho-

135 2713 210 2773 meri
228 2713 507 2790 interpretationem
525 2734 544 2772 a
561 2715 761 2790 posteriorum
785 2715 895 2774 fabulis
920 2714 1078 2774 defendere
1097 2716 1203 2791 coepit,
1222 2715 1313 2775 etiam

136 2802 309 2862 recentioris
332 2803 399 2863 aeri
420 2803 633 2881 grammaticos
656 2803 731 2862 hanc
755 2804 921 2862 studiorum
944 2804 1169 2864 Homericorum
1195 2807 1313 2880 partem

136 2891 293 2968 diligenter
318 2895 349 2951 et
372 2891 457 2952 docte
480 2893 615 2952 coluisse.
653 2893 839 2969 Quamquam
857 2894 995 2951 multum·
1009 2892 1123 2952 distant
1141 2913 1159 2952 a
1176 2897 1312 2952 veterum

133 2981 403 3040 Alexandrinorum
432 3000 537 3042 severa
563 2981 710 3056 dignitate
734 2981 851 3042 omnem
874 2981 1026 3040 doctrinae
1053 2983 1165 3040 molem
1191 2982 1313 3041 reicien-

133 3070 218 3146 tium,
243 3088 333 3146 quam
352 3070 475 3146 abipsa
494 3071 741 3146 interpretatione
755 3071 881 3130 alienam
898 3089 963 3130 esse
978 3070 1200 3147 existimabant,
1221 3074 1311 3147 atque

133 3177 171 3217 ne
189 3159 221 3217 in
243 3159 298 3218 hac
320 3159 440 3235 quidem
459 3179 491 3219 re
510 3159 585 3218 fidos
603 3158 772 3219 Aristarchi
795 3162 957 3219 sectatores
981 3178 1013 3219 se
1036 3159 1254 3236 praestiterunt
1277 3164 1311 3219 ut

135 3249 173 3306 ab
206 3247 337 3308 Homero
369 3252 501 3309 ceteram
532 3247 689 3308 historiam
725 3248 893 3307 fabularem
923 3249 1029 3324 procul
1065 3248 1223 3324 haberent,
1260 3248 1313 3308 sed

134 3335 346 3412 castigationes
365 3337 572 3397 Aristarcheas
594 3337 721 3396 maxime
741 3356 776 3395 ea
794 3337 830 3395 de
849 3356 939 3396 causa
956 3337 1069 3396 imitati
1088 3356 1152 3396 esse
1171 3336 1312 3397 videntur

133 3427 170 3484 ut
196 3425 340 3484 historiae
371 3427 517 3486 fabularis
549 3445 689 3502 magnam
717 3424 884 3484 doctrinam
915 3429 1124 3502 proponerent.
1171 3427 1212 3485 Hi
1240 3429 1310 3486 sunt

134 3532 232 3574 mores
247 3518 279 3574 et
296 3515 427 3576 rationes
445 3515 710 3592 grammaticorum
727 3515 818 3590 primi
836 3519 867 3575 et
886 3515 1010 3575 alterius
1030 3516 1141 3574 saeculi
1154 3537 1182 3590 p.
1198 3514 1266 3574 Ohr.
1280 3535 1310 3575 n.

133 3602 262 3662 Nomine
289 3622 360 3663 vero
387 3604 508 3662 illorum
532 3605 711 3664 scholiorum
738 3608 892 3664 auctorem
917 3604 1074 3681 designare
1102 3623 1162 3662 non
1189 3623 1313 3680 possum

133 3711 230 3767 neque
258 3691 346 3751 nimis
375 3695 456 3752 certo
479 3693 699 3752 adfirmaverim
727 3694 827 3753 omnia
850 3695 887 3752 ab
915 3714 974 3754 uno
1003 3693 1165 3768 eodemque
1194 3693 1314 3751 homine

135 3799 200 3840 esse
228 3781 364 3857 profecta
391 3781 530 3858 quoniam
557 3782 609 3840 ubi
633 3801 669 3840 ex
692 3782 810 3842 scholae
835 3779 1019 3842 successione
1048 3785 1079 3840 et
1102 3781 1315 3840 consuetudine

135 3873 234 3930 certae
248 3870 394 3947 quaedam
413 3870 487 3930 artis
507 3871 686 3930 exercendae
705 3872 837 3931 rationes
856 3873 1037 3932 constitutae
1062 3873 1141 3946 sunt,
1160 3870 1209 3929 vel
1227 3868 1316 3928 multi

134 3977 171 4018 ex
192 3959 296 4019 multis
319 3960 426 4020 studiis
449 3965 480 4019 et
502 3959 656 4020 laboribus
678 3961 837 4035 protenmt
860 3961 1020 4021 simillima.

222 4049 372 4126 Apparuit
393 4048 487 4127 igitur
510 4068 547 4108 er
570 4047 694 4109 diversis
718 4049 883 4126 originibus
907 4051 938 4109 in
966 4048 1149 4108 scholiorum
1175 4047 1313 4107 Homeri·
1408 4135 1411 4138 .

208 4219 228 4287 ¹)
246 4218 347 4274 Vtrum
360 4217 515 4290 Porphyrio
526 4235 563 4272 an
572 4218 757 4288 grammatico
772 4217 946 4274 noviciorum
961 4217 1074 4272 fabulae
1089 4215 1248 4272 recensenti
1265 4215 1314 4270 tri-

134 4289 240 4344 buatur
254 4289 339 4345 schol.
356 4295 372 4345 Γ
387 4298 421 4346 40
436 4307 470 4344 er
483 4288 619 4359 Dionysio
635 4288 873 4358 Scytobrachione
888 4292 1058 4359 excerptum,
1076 4305 1133 4342 non
1147 4287 1239 4358 magis
1259 4286 1313 4342 dis·

134 4377 220 4416 cerno
235 4377 321 4429 quam
335 4362 392 4415 utri
405 4361 565 4417 vindicetur
578 4361 654 4430 quod
667 4363 816 4431 praeterea
829 4377 863 4414 er
878 4360 1067 4431 cyclographo
1082 4361 1243 4429 excerptum
1253 4375 1314 4416 esse

135 4430 248 4486 videtur
267 4432 354 4486 schol.
374 4451 393 4499 μ
413 4439 464 4488 124
485 4433 531 4506 [cf.
551 4433 586 4487 de
605 4432 687 4488 Dion.
708 4433 782 4504 Scyt.
803 4449 829 4500 p.
850 4433 906 4504 51].
