3086 5124
241 263 283 320 Do
302 264 416 320 scholiis
435 265 590 320 Homen'ois
610 263 646 318 ad
664 263 811 320 historiam
830 263 985 320 fabulsrem
1003 262 1215 334 pertinentibus.
1249 262 1316 328 419

263 428 442 496 ·Ὠκεανοῦ.
475 433 629 496 τεκοθταν
649 430 684 494 δὲ
699 430 757 494 τόν
775 430 954 509 Ἣφαιςτον
977 430 1013 493 ἐκ
1035 433 1091 508 τῆς
1114 425 1242 494 νοθείας
1259 431 1316 507 τῆς

277 520 405 598 πρώτης
437 521 515 599 φαςὶ
546 523 784 599 προςποιείτθαι
818 517 868 582 ότι
902 514 979 584 ἄνευ
1013 517 1126 597 μίξεως
1161 517 1230 581 κάει
1265 517 1317 581 καί

249 607 455 686 ’Κηδαλίωνι
488 613 534 692 τῷ
567 607 673 691 Ναξίῳ
706 611 908 685 παραδοῦναι
940 608 1147 686 χαλκευτικὴν
1180 604 1316 693 διδάξαι·

278 697 397 762 διὸκαὶ
417 698 507 776 μέχρι
522 701 581 762 νθν
599 696 770 776 ὑπόμνημα
790 696 988 776 φυλάξαςθαι
1007 695 1094 774 παρὰ
1114 693 1240 761 Ναξίοις
1263 694 1315 758 καὶ

278 787 336 850 τὸν
355 784 378 868 †
397 784 540 865 ἀμφιθαλ
562 791 600 869 τῇ
619 785 710 870 ίτάλῃ
731 789 1033 862 ςυγκατατεθεῑςθαι.
1063 782 1155 848 ἄλλοι
1174 785 1233 848 τόν
1252 782 1318 848 Δία

277 875 373 956 φαςὶν
401 874 437 939 έν
461 873 555 959 (άμῳ
583 872 686 953 λάθρα
715 878 781 938 τῶν
804 875 930 951 γονέων
954 872 1232 953 ἀποπαρθενεῦςαι
1258 874 1317 951 τήν

276 965 393 1044 Ἥραν·
422 962 498 1029 ὅθεν
522 961 631 1042 (άμιοι
660 963 890 1043 μνηςτεάοντες
917 963 974 1026 τὰς
999 961 1096 1042 κόρας
1119 961 1222 1042 λάθρα
1245 981 1317 1038 ςυγ-

277 1053 466 1132 κοιμίζουςιν
494 1051 562 1117 εἶτα
596 1053 753 1135 παρρηςίᾳ
781 1053 888 1118 θύουςι
917 1054 992 1117 τοὺς
1025 1051 1174 1130 γάμους.·
1200 1055 1317 1130 τοκῆας

278 1142 337 1207 οὖν
354 1144 430 1207 τοὺς
449 1143 522 1220 περὶ
542 1140 666 1221 Κρόνον
684 1142 736 1206 καὶ
754 1141 860 1206 Ῥέαν
885 1139 964 1206 ένιοι
983 1143 1019 1206 δέ
1038 1142 1116 1208 τοὺς
1133 1139 1317 1220 προγόνους

229 1248 232 1252 ’
278 1233 353 1296 τοὺς
377 1232 449 1311 περὶ
472 1229 627 1296 Ὠκεανόν
650 1231 702 1296 καὶ
726 1230 844 1310 Τηθύν·

754 1338 790 1403 ἐκ
813 1338 848 1402 δὲ
871 1339 997 1418 τοκήων

388 1431 456 1493 τῶν
479 1426 588 1493 αὐτῶν
611 1425 704 1507 οἵπερ
728 1429 822 1492 τέκον
845 1425 1010 1492 Ἀλκίνοον
1036 1428 1069 1508 [η
1094 1429 1204 1508 δέπα]

276 1535 330 1600 ἵνα
370 1536 422 1601 καί
461 1537 499 1600 τό
537 1533 718 1600 ἀτιτάλλειν
759 1534 794 1599 ἐκ
835 1533 950 1614 νηπίας
990 1535 1122 1614 τρέφειν
1159 1531 1316 1613 λάβωμεν.

277 1623 356 1690 ἔνιοι
384 1626 419 1690 δέ
450 1644 526 1705 φαςι
558 1626 722 1704 παρθένον
749 1623 847 1688 οὖςαν
879 1622 982 1702 Ἥραν
1015 1623 1185 1702 έραςθήναι
1219 1622 1315 1701 Εὐρυ-

142 1805 257 1866 Iisdem
279 1715 504 1883 bbbbisdemen
531 1807 650 1884 integra
676 1805 806 1882 looisque
830 1805 1051 1865 obscurioribus
1075 1805 1191 1864 omissis
1214 1807 1318 1882 legun·

143 1901 195 1956 tur
225 1896 257 1956 in
287 1894 352 1956 BL.
401 1895 543 1957 Ceterum
574 1896 611 1956 of.
644 1893 836 1974 Apollonium
875 1892 945 1971 [lex.
977 1894 1065 1954 Hom.
1097 1915 1127 1970 p.
1159 1897 1215 1970 46,
1250 1893 1318 1972 13]:
1435 1880 1440 1889 ⁸

145 1978 319 2046 ἀτιτάλλει·
342 1979 451 2067 ἀγαπᾷ
483 1983 569 2062 [hese
599 1984 769 2061 Hesychius
800 1981 929 2062 quoque]
961 1978 1142 2058 ἐπιμελείας
1174 1977 1256 2045 άξιοῖ
1288 1987 1318 2044 et

87 2117 92 2126 .
144 2074 291 2136 soholium
317 2092 337 2150 η
366 2076 407 2136 54
435 2074 515 2152 quod
537 2074 699 2150 Porphyrii
722 2093 787 2134 esse
810 2073 942 2133 videtur:
975 2073 1072 2133 τοῦτο
1096 2066 1227 2146 μάχεται
1250 2072 1319 2133 τοῖς

145 2157 229 2239 ἑξῆς·
257 2161 316 2238 τὴν
340 2160 482 2239 μὲνγὰρ
509 2161 596 2237 λέγει
618 2158 809 2239 Ῥηξήνορος
831 2159 890 2223 τόν
913 2159 949 2222 δὲ
975 2155 1161 2223 Ναυςιθάου.
1208 2155 1318 2224 λόοιτο

144 2245 179 2313 δ’
202 2247 243 2313 ἂν
269 2249 305 2312 ἐκ
331 2254 388 2328 τῆς
418 2251 548 2314 λέξεως·
577 2248 701 2328 τὸγὰρ
729 2249 855 2327 τοκήων
879 2249 973 2324 δηλοῖ
995 2247 1047 2311 καὶ
1069 2247 1107 2310 τὸ
1131 2245 1318 2326 προγόνων·

145 2338 197 2403 καὶ
215 2337 276 2416 γάρ
294 2339 370 2402 τοὺς
390 2339 530 2417 πατέρας
549 2337 602 2403 ἐπὶ
620 2341 687 2402 τῶν
702 2335 876 2416 προγόνων
890 2335 1065 2401 τάττουςιν.
1102 2339 1199 2410 Quem
1211 2340 1319 2401 ultimo

145 2432 211 2492 looo
234 2430 448 2508 grammaticus
471 2431 596 2508 attingit
618 2430 762 2506 fabulam,
785 2449 821 2488 eo
843 2430 989 2507 integrior
1010 2429 1124 2507 legitur
1146 2429 1178 2488 in
1199 2424 1320 2509 ἱςτορίᾳ

145 2519 235 2581 sohol.
265 2516 294 2580 Ξ
319 2521 381 2581 295
405 2519 563 2580 ABDLd:
595 2515 699 2594 Ἥραν
731 2516 934 2596 τρεφομένην
962 2513 1050 2594 παρὰ
1076 2517 1145 2579 τοῖς
1173 2519 1320 2592 γονεῦςιν

147 2604 192 2670 εἷς
215 2607 282 2669 τῶν
305 2603 466 2682 Γιγάντων
489 2605 680 2684 Εὐρυμέδων
705 2603 890 2685 βιαςάμενος
914 2603 1030 2681 ἔγκυον
1054 2601 1216 2682 έποίηςεν·
1238 2605 1258 2684 ἡ
1282 2606 1318 2669 δὲ

145 2695 320 2773 Προμηθέα
343 2693 523 2774 ἐγέννηςεν.
569 2694 651 2758 Ζεὺς
675 2694 710 2757 δὲ
735 2693 867 2772 ιίςτερον
890 2695 993 2772 γήμας
1015 2693 1074 2772 τήν
1097 2690 1245 2774 ἀδελφὴν
1267 2694 1319 2758 καί

145 2784 246 2859 γνοὺς
268 2782 309 2848 τὰ
330 2781 491 2864 γενόμενα
514 2782 649 2860 τὸνμὲν
669 2780 891 2862 Εὐρυμέδοντα
913 2780 1182 2862 κατεταρτάρωςε,
1205 2783 1264 2848 τόν
1282 2785 1319 2846 δέ

144 2873 320 2951 Προμηθέα
350 2870 510 2952 προφάςει
541 2875 601 2936 τοῦ
633 2873 735 2950 πυρὸς
767 2875 892 2950 δεςμοῑς
922 2870 1105 2951 άνήρτηςεν.
1151 2872 1170 2951 ἡ
1198 2870 1320 2951 ίςτορία

145 2961 232 3040 παρὰ
255 2960 443 3040 Εὐφορίωνι.
489 2965 583 3025 Recta
613 2965 638 3024 si
667 2968 737 3025 utor
767 2965 899 3040 ratione,
927 2964 1142 3041 grammaticus
1173 2983 1238 3024 esse
1268 2966 1320 3042 qui

146 3055 290 3114 iunonem
307 3054 440 3130 puellum
459 3053 578 3114 omnino
597 3071 657 3113 non
675 3071 742 3114 oum
760 3055 831 3115 Iovs
851 3052 903 3114 sed
925 3072 994 3113 oum
1015 3052 1075 3112 olio
1098 3054 1227 3130 quodem
1251 3073 1318 3114 oon·

144 3144 282 3204 cubuisse
308 3143 477 3221 traderent,
505 3143 701 3218 disputationi
729 3143 885 3202 addiderat
912 3141 1004 3202 simili
1030 3141 1118 3201 modo
1147 3162 1204 3220 quo
1229 3144 1321 3205 sohol.

145 3230 174 3294 Φ
202 3234 267 3292 444
301 3231 488 3293 Herodorum
525 3231 681 3292 edfsrebst
718 3233 770 3309 qui
800 3230 934 3308 Neptuni
966 3228 1173 3307 Apollinisque
1206 3234 1322 3294 servitii

144 3321 280 3381 fabulam
298 3322 435 3382 tollebat.
473 3321 578 3397 Neque
597 3324 711 3381 temero
732 3322 790 3381 hue
813 3322 911 3380 refero
929 3315 1069 3394 ἱςτορίαν
1093 3321 1183 3382 sohol.
1207 3319 1232 3382 Α
1257 3324 1320 3384 609

144 3410 257 3482 ADLd
284 3411 338 3470 ubi
360 3429 435 3489 quse
458 3410 544 3470 initio
568 3410 710 3488 leguntur
740 3405 861 3484 Κρόνου
886 3405 937 3469 καὶ
963 3403 1055 3469 Ῥέας
1082 3404 1235 3482 ἐγένοντο
1259 3405 1322 3472 υίοὶ

145 3491 277 3575 ἄρρενες
291 3500 377 3575 τρεῖς
392 3497 474 3562 Ζεὺς
489 3496 657 3560 Ποςειδιίιν
676 3496 727 3560 καὶ
740 3495 857 3574 Ἅιδης,
872 3493 1044 3574 θυγατέρες
1063 3494 1099 3557 δὲ
1116 3498 1202 3574 τρεῖς
1219 3494 1321 3560 Ἓςτία

145 3584 300 3663 Δημήτηρ
322 3584 406 3665 Ἥρα
429 3589 523 3649 cuivis
547 3589 692 3666 magistro
717 3608 753 3648 ex
771 3588 961 3666 Theogonise
984 3586 1121 3647 versibus
1145 3589 1320 3650 453—458

143 3682 247 3755 petere
274 3677 393 3738 licebat.
438 3678 592 3754 Pergitur:
624 3675 750 3739 τούτων
782 3675 878 3753 φαςὶν
912 3673 965 3738 ἐπὶ
992 3677 1047 3753 τῆς
1077 3672 1199 3752 Κρόνου
1227 3677 1320 3739 δυνα-

145 3762 248 3827 ςτείας
281 3762 471 3842 ἠράςθηςαν·
503 3763 560 3826 τόν
589 3764 624 3827 δὲ
653 3761 719 3828 Δία
748 3764 800 3827 καὶ
829 3763 934 3842 Ἥραν
962 3762 1015 3826 ἐπὶ
1043 3763 1210 3840 ἐνιαυτοίις
1237 3783 1320 3842 τρια-

144 3849 278 3934 κοςίους,
302 3851 346 3916 ὥς
370 3872 446 3933 φηςι
471 3850 672 3930 Καλλίμαχος
696 3853 732 3918 ἐν
756 3853 895 3937 δευτέρῳ
920 3851 1030 3930 αἰτίων

345 3958 390 4024 ὥς
412 3980 447 4024 τε
471 3958 555 4023 Ζεὺς
578 3958 701 4038 έράτιζε
725 3958 920 4039 τριηκοςίους
944 3958 1119 4023 ἐνιαυτούς.

147 4065 251 4147 λάθρα
274 4068 310 4132 δὲ
333 4071 400 4133 τῶν
423 4067 550 4144 γονέων
574 4063 725 4146 ἀλλήλοις
749 4065 974 4147 ςυνερχόμενοι
997 4064 1092 4144 έςχον
1115 4065 1185 4130 υἱὸν
1203 4065 1321 4147 Ἥφαι-

146 4176 221 4221 ςτον
246 4155 306 4235 οὐχ
330 4156 518 4236 ὁλόκληρον,
543 4153 713 4233 ἑκατέρους
737 4157 772 4220 δὲ
795 4157 872 4222 τοὺς
895 4154 998 4220 πόδας
1022 4153 1139 4233 χωλόν,
1158 4154 1202 4219 ὥς
1225 4176 1321 4236 φηςιν

145 4244 246 4309 αὐτὸν
270 4244 493 4326 άμφιγυήεντα
516 4243 536 4308 ὁ
559 4245 705 4323 ποιητής·
729 4243 779 4308 ὅτι
802 4246 838 4308 δὲ
857 4243 960 4322 λάθρα
978 4248 1044 4307 τιίιν
1063 4245 1190 4321 γονέων
1208 4247 1318 4326 ςυνήρ-

145 4353 244 4413 χοντο
268 4332 428 4415 ἀλλήλοις,
453 4337 606 4414 μαρτυρεῖ
628 4333 680 4397 καὶ
703 4331 722 4396 δ
745 4334 877 4412 ποιητής
901 4333 1008 4410 λέγων

250 4438 295 4504 εἰς
318 4439 415 4520 εὐνὴν
438 4443 599 4520 φοιτῶντε
623 4438 739 4519 φίλους
763 4441 901 4521 λήθοντο
924 4444 1041 4519 τοκῆας
1065 4440 1108 4520 [Ξ
1133 4442 1220 4521 296}
