3086 5124
237 261 280 316 De
300 261 414 317 scholiis
433 261 589 316 Homericis
608 260 645 316 ad
663 259 811 316 historiam
828 258 984 315 fabularem
1002 257 1215 328 pertinentibus.
1255 257 1320 322 441

145 429 347 490 Euboicarum
387 423 539 510 propria¹)
573 428 669 514 Aegis
705 428 843 488 Achaicis
881 427 1061 488 vindicatur:
1103 423 1193 501 Αἰγαὶ
1229 423 1342 487 πόλις.

147 513 286 594 Ἀχαιίας
309 515 346 579 ἐν
369 515 610 596 Πελοποννήςῳ
634 513 711 579 ἔνθα
735 517 858 591 τιμᾶται
883 514 940 592 μὲν
966 512 985 576 ὁ
1008 514 1188 591 Παςειδῶν,
1212 509 1322 590 ἄγεται

147 605 183 668 δὲ
206 604 257 668 καὶ
281 604 430 686 Διονύςῳ
455 603 549 682 ἑορτή
573 605 638 666 κτλ.
676 606 724 672 Ita
747 607 827 664 enim
844 607 1099 683 componebantur
1121 606 1265 666 historiae
1287 610 1323 664 ut

146 716 255 756 nomen
271 697 400 773 regionis
415 697 463 757 vel
478 699 605 755 stemma
618 695 751 755 breviter
767 699 1010 771 praeponeretur,
1028 715 1123 771 neque
1142 695 1324 755 curabantur

148 785 363 862 discrepantiae
395 785 555 844 dummodo
588 803 647 844 una
680 787 711 843 et
742 784 880 844 absoluta
913 785 1056 845 existeret
1087 780 1225 859 ἱςτορίας
1255 803 1322 860 per·
1409 814 1420 821 -

149 874 277 949 scriptio.
614 921 617 934 .

238 963 294 1022 His
321 958 469 1038 ἱςτορίαις
497 981 573 1040 quae
602 962 770 1038 subscripta
798 966 868 1022 sunt
893 966 1049 1023 auctorum
1071 963 1191 1022 nomine
1214 963 1323 1022 Phere-

147 1054 231 1130 cydis
247 1056 277 1112 et
290 1051 499 1129 Euphorionis,
517 1071 552 1110 ea
570 1051 614 1110 ita
628 1051 770 1110 statueris
784 1056 864 1111 recte
880 1070 945 1112 ease
963 1052 1101 1128 adposita
1114 1054 1148 1111 ut
1163 1051 1324 1112 scholiasta

148 1161 239 1202 unam
262 1141 456 1218 expluribus
480 1140 620 1218 selegisse
643 1143 768 1215 putetur
791 1141 1021 1217 enarrationem,
1048 1141 1136 1200 huius
1160 1159 1247 1218 quem
1271 1160 1323 1199 au-

148 1233 262 1292 ctorem
275 1230 437 1290 invenisset
450 1230 637 1289 nominatum
652 1229 852 1306 adscripsisse.
884 1231 987 1306 Neque
1005 1231 1061 1290 hoc
1080 1249 1169 1306 saepe
1189 1231 1323 1290 evenisse

148 1319 332 1398 negaverim3
356 1322 451 1378 restat
474 1322 576 1378 tamen
599 1317 726 1394 suspicio
749 1319 890 1379 facillime
913 1319 978 1379 fieri
996 1321 1129 1396 potuisse
1150 1324 1185 1380 nt
1203 1319 1324 1378 nomina

149 1409 401 1470 confunderentur
419 1409 508 1484 atquc
527 1427 564 1467 ne
582 1427 675 1466 unum
690 1407 808 1483 quidem
826 1408 858 1466 in
876 1403 996 1482 ίςτορίο
1015 1411 1186 1485 superesset
1200 1409 1324 1468 verbum

151 1498 214 1558 eius
237 1497 367 1558 auctoris
390 1497 473 1556 cuius
496 1516 604 1556 nomen
623 1496 824 1572 subscriptum
843 1501 897 1557 est.
931 1498 1030 1574 Atque
1049 1497 1234 1558 estfactum.
1268 1497 1325 1555 Vel

150 1587 286 1664 Heynius
311 1583 408 1662 [Iliad.
433 1588 453 1645 t.
474 1585 532 1644 VlI
554 1607 582 1662 p.
604 1583 681 1660 287]
707 1603 744 1644 ex
767 1585 919 1662 Stephano
945 1583 986 1662 [p.
1007 1589 1080 1662 247,
1103 1583 1156 1662 10]
1182 1587 1326 1645 conclusit

149 1675 349 1752 Epaphroditi
371 1675 470 1734 locum
492 1693 511 1732 a
534 1674 694 1734 scholiasta
717 1670 749 1734 Π
768 1677 832 1735 233
852 1675 955 1734 ADLd
973 1676 1050 1734 male
1071 1693 1135 1734 esse
1154 1679 1325 1750 excerptum

151 1768 365 1839 auctorumque
388 1763 561 1822 testimonia
579 1762 775 1840 neglegenter
797 1763 956 1841 adscripta.
999 1763 1057 1824 Sed
1078 1782 1139 1822 uon
1166 1782 1256 1822 unum
1280 1767 1327 1824 est

151 1853 326 1928 exemplum
363 1852 397 1912 E.
420 1870 443 1912 c.
469 1852 558 1912 schol.
581 1849 609 1912 Ζ
628 1855 692 1912 396
716 1851 820 1911 ADLd
842 1853 1012 1912 frustulum*
1028 1852 1108 1911 haud
1130 1853 1175 1911 ita
1196 1871 1324 1928 parvum

151 1940 326 2001 Dicaearchi
340 1943 492 2001 servatum
506 1959 571 2000 esse
590 1940 720 2000 videtur:
745 1936 902 2016 Γράνικος,
922 1937 953 2002 οἱ
973 1940 1014 2014 δὲΙ
1029 1936 1182 2016 Ἀτράμυς
1200 1937 1324 2001 Πελας-

150 2027 209 2104 γὸς
231 2027 270 2090 τὸ
293 2027 388 2102 γένος
416 2023 549 2104 ἀφίκετό
577 2046 656 2090 ποτε
684 2024 747 2090 ὑπὸ
775 2028 834 2105 τήν
857 2027 893 2090 ἐν
916 2033 953 2111 τῇ
985 2022 1133 2109 Κιλικίᾳί)
1166 2024 1252 2104 Ἴδην
1275 2026 1326 2089 καὶ

150 2115 246 2179 πόλιν
264 2114 368 2178 κτίςας
386 2115 484 2180 ἑκεῑςε
504 2112 567 2193 ἀφ’
585 2113 702 2178 ἑαυτοῦ
722 2115 976 2194 προςηγόρευςεν
996 2114 1232 2194 Ἀτραμύττιον
1252 2133 1324 2191 γεν-

150 2206 247 2284 νήςας
266 2205 301 2266 δὲ
321 2204 480 2281 θυγατέρα
499 2204 607 2282 Θήβην
626 2207 671 2285 τῷ
691 2202 824 2281 ὀνόματι
842 2205 930 2282 παρὰ
948 2206 1007 2283 τὴν
1026 2203 1127 2282 ἀκμὴν
1145 2208 1204 2267 τοῦ
1222 2202 1325 2281 γάμου

151 2291 243 2357 ἔθετο
271 2292 423 2369 γυμνικὸν
451 2289 562 2368 ἀγῶνα
589 2291 641 2354 καὶ
668 2291 726 2354 τὸν
753 2292 869 2369 ταύτης
899 2291 1003 2371 γάμον
1029 2297 1075 2376 τῷ
1104 2291 1325 2376 ἀριςτειίςαντι.

149 2381 306 2458 Ἡρακλῆς
329 2381 364 2442 δὲ
383 2377 455 2443 κατ’
477 2380 583 2444 ἐκεῖνο
605 2383 717 2457 καιροῦ
736 2381 849 2459 φανεὶς
869 2379 964 2461 ἔλαβε
981 2384 1045 2460 Ιτήν
1064 2383 1172 2461 Θήβην
1190 2385 1326 2457 γυναῖκα

150 2470 202 2533 καί
225 2468 329 2532 κτίςας
352 2468 447 2532 πόλιν
471 2468 534 2532 ὑπὸ
557 2468 595 2532 τὸ
618 2468 763 2533 Πλάκιον
786 2470 986 2548 καλούμενον
1013 2469 1090 2548 ὄρος
1112 2475 1168 2549 τής
1193 2469 1327 2534 Κιλικίας

149 2556 296 2622 Πλακίαν
311 2557 419 2637 Θήβην
434 2557 533 2636 αὐτὴν
552 2555 617 2621 ἀπὸ
636 2562 692 2636 τῆς
711 2559 860 2635 γυναικὸς
879 2557 1036 2625 ἐκάλεςεν.
1059 2559 1079 2637 ἡ
1098 2557 1220 2637 ίςτορία
1239 2558 1326 2636 παρὰ

151 2644 345 2729 Δικαιάρχῳ.
382 2650 485 2726 Neque
508 2669 579 2710 vero
602 2649 634 2708 in
656 2652 732 2710 hanc
755 2650 888 2710 fabulam
912 2652 987 2710 hene
1006 2651 1134 2727 quadrat
1153 2651 1328 2711 Dicaearchi
1405 2677 1411 2686 ¹

152 2738 188 2796 de
212 2737 315 2796 Theba
337 2738 419 2798 locus
443 2739 494 2814 qui
517 2739 607 2800 schol.
628 2739 838 2800 Eur.Andr.1
865 2741 989 2817 legitur:
1013 2735 1208 2815 Δικαίαρχός
1232 2755 1326 2815 φηςιν

152 2820 471 2900 reconsecratores
486 2844 514 2887 τι
530 2822 638 2906 <τῶν>
653 2823 732 2902 μετὰ
750 2828 809 2889 rot
830 2824 955 2903 Κάδμου
975 2847 1014 2886 a*
1033 2825 1169 2905 οἰκῆται,
1187 2828 1327 2905 quoniam

153 2934 189 2974 ex
211 2915 266 2973 hoc
289 2914 353 2973 loco
375 2916 572 2991 probabiliter
600 2916 789 2977 existimatur
811 2917 1011 2978 Dicaearchus
1035 2918 1170 2978 Thebam
1193 2916 1328 2978 Ciliciam

152 3023 170 3062 a
202 3001 307 3062 cadmi
339 3004 450 3063 Thebis
483 3005 641 3065 derivasse.
687 3007 781 3082 Atqui
813 3009 985 3067 conferatur
1017 3007 1107 3068 schol.
1140 3003 1167 3066 Z
1196 3009 1259 3066 396
1286 3005 1326 3066 V:
1386 3025 1388 3032 ·

152 3087 354 3167 Ἀδράμυςτις
371 3085 423 3172 6³)
438 3090 605 3166 Πελαςγός
624 3087 818 3169 ἀφικόμενος
837 3091 882 3157 εἰς
900 3094 959 3172 τήν
977 3092 1062 3171 Ἴδην
1080 3095 1139 3171 τὴν
1158 3093 1194 3156 έν
1211 3090 1328 3173 Κιλικίᾳ

152 3177 245 3245 κτίζει
269 3177 365 3242 πόλιν
389 3175 634 3257 Ἀδραμύττειον
647 3182 861 3260 καλουμένην,
881 3180 967 3260 ἔχων
986 3183 1021 3244 δὲ
1041 3182 1199 3258 θυγατέρα
1219 3181 1327 3259 Θήβην

153 3265 294 3331 ἔπαθλον
313 3265 434 3346 δρόμου
454 3268 554 3346 αὐτὴν
573 3266 666 3345 ὥριςε
685 3272 731 3352 τῷ
752 3271 946 3353 βουλομένῳ.
978 3269 1135 3348 Ἡρακλῆς
1154 3270 1189 3332 δὲ
1209 3268 1327 3346 ταύτην

154 3353 263 3433 λαβὼν
289 3354 353 3419 ὑπὸ
380 3357 418 3420 τὸ
441 3355 586 3422 Πλάκιον
608 3361 664 3435 τής
689 3357 823 3421 Κιλικίας
846 3358 941 3422 πόλιν
966 3358 1071 3422 κτίςας
1094 3359 1203 3437 Θήβην
1226 3357 1327 3435 αὐτὴν

154 3441 327 3518 ὠνόμαςεν.
351 3443 421 3509 ἀλλ’
445 3444 551 3526 [ἄλλοι
575 3447 610 3510 δὲ
633 3444 716 3525 άτιί]
741 3444 902 3526 Ἐριθήλας
926 3448 977 3510 καί
996 3446 1099 3527 Λάβης
1120 3446 1151 3510 οἱ
1174 3444 1325 3510 Ἀςτάκου

154 3529 300 3609 ἀπαρχάς
325 3530 368 3595 εἰς
391 3533 542 3613 Φοινίκην
565 3533 630 3598 ἀπὸ
654 3536 759 3615 Θήβης
783 3537 940 3614 φέροντες
964 3536 1143 3614 ἐξιίιςθηςαν
1166 3536 1217 3598 καὶ
1240 3534 1324 3613 οἰκή-

154 3640 265 3684 ςαντες
288 3618 411 3685 ἔκτιςαν
435 3623 535 3702 αὐτὴν
554 3621 627 3688 καθ’
646 3620 867 3710 ὁμυινυμίαν.4)
905 3628 1055 3689 Extremis
1075 3627 1175 3689 verbis
1194 3627 1328 3700 scholion

152 3712 348 3790 Euripideum
371 3714 445 3774 adeo
468 3715 638 3774 illustratur
667 3720 700 3776 ut
722 3719 796 3778 haec
824 3717 1005 3777 Dicaearcho
1033 3716 1166 3777 tribuere
1194 3715 1330 3774 dubitem

153 3802 216 3861 fere
230 3802 344 3861 nullus:
359 3803 430 3879 quid
444 3804 481 3863 de
495 3799 634 3882 icropiq?
658 3806 832 3866 Dicaearchi
846 3807 1010 3867 auotoritas
1026 3805 1193 3866 sententias
1206 3822 1330 3880 prorsus

154 3890 290 3952 diversae
315 3891 463 3951 attributa
487 3896 541 3952 est.
580 3891 682 3954 Simile
705 3895 776 3970 quid
799 3895 906 3955 accidit
929 3894 1031 3955 scholl.
1057 3892 1146 3956 fre:

229 4081 248 4146 ιλ
268 4079 308 4136 cf.
333 4080 430 4136 scholl.
455 4079 539 4150 Soph.
562 4081 627 4134 Ant.
653 4087 721 4136 1133
745 4081 808 4135 Eur.
833 4082 936 4137 Phoen.
962 4089 1023 4137 227.
1057 4112 1090 4122 -
1126 4082 1147 4149 ¹)
1167 4081 1282 4148 Semper
1300 4079 1330 4132 in

156 4151 298 4207 codicibus
319 4153 419 4208 Κιλικία
438 4153 467 4206 et
485 4152 571 4206 Λυκία
589 4151 808 4219 confunduntnr;
827 4153 900 4208 illud
919 4156 963 4208 est
985 4152 1178 4222 reponendum
1197 4150 1331 4219 quoniam

156 4221 249 4291 agitur
272 4225 307 4278 de
330 4224 399 4279 urbe
421 4222 548 4277 Eetionis
573 4221 692 4278 Cilicum
714 4223 847 4350 reging
866 4232 926 4281 397.
945 4227 1020 4296 415].
1041 4255 1074 4264 -
1097 4225 1117 4290 ³)
1137 4225 1272 4291 Ἀδράμυς
1289 4241 1332 4277 τις
1361 4219 1367 4230 “

154 4295 314 4360 Πελαςγόςί
334 4329 366 4335 -
387 4298 409 4366 ⁴)
429 4294 514 4350 Initio
534 4294 632 4348 eadem
651 4295 717 4348 sunt
734 4295 800 4348 inB
829 4317 836 4361 ;
855 4295 921 4350 inde
936 4313 953 4350 a
966 4295 1052 4349 verbo
1071 4296 1165 4360 λαβών
1182 4295 1266 4346 haec:
1286 4299 1331 4348 καί

154 4369 207 4432 τὴν
225 4368 306 4420 πόλιν
325 4369 500 4422 Ὑπόπλακον
514 4368 610 4435 Θήβην
624 4368 765 4432 ὠνόμαςεν
780 4369 822 4421 ὅτι
836 4369 993 4435 ὑπέρκειται
1007 4369 1095 4435 αὐτῆς
1107 4367 1252 4419 πλακιῑιδες
1266 4367 1332 4433 ὄρος

156 4443 275 4505 ccccxci<
292 4439 357 4505 ἔχον
375 4439 484 4506 πέτρας.

208 4537 288 4580 Jahrb.
300 4535 316 4576 f.
326 4537 393 4579 (cluss.
407 4536 467 4577 Phil.
487 4535 566 4586 Suppl.
585 4537 690 4578 Bd.X11.
1083 4531 1117 4580 29
