3086 5124
124 231 127 238 ⁴
230 241 296 306 408
656 245 803 300 neonus
823 245 976 300 sensere:

374 412 465 471 schol.
491 411 496 472 Ι
523 415 586 472 464
610 413 667 472 AV
691 407 824 487 ἀνεψιὸς
848 413 883 474 δὲ
904 410 1055 491 Φοίνικος
1079 410 1272 490 Εὐρύπυλος.

374 501 464 560 schol.
488 499 517 562 Ψ
541 504 582 561 86
607 503 635 560 V
658 503 924 577 καταχρηςτικιῖις·
953 504 1054 564 παῖδα
1076 500 1137 578 γὰρ
1166 499 1295 564 ἀνεῖλεν
1318 501 1356 564 ὃν
1379 500 1408 565 οἱ

379 587 444 665 μὲν.
461 585 680 664 Κλειτώνυμον
704 586 734 650 οἱ
758 589 792 650 δὲ
812 588 965 667 Αἰανῆοῖ
987 591 1024 652 δὲ
1042 588 1226 668 Λύςανδρον
1244 592 1413 654 καλεῖςθαι.

372 673 537 740 ἀπέκτεινε
562 677 597 738 δὲ
621 675 721 740 αὐτὸν
749 675 828 755 παρ’
850 675 1018 756 Ὀθρυονεῖ
1045 682 1091 760 τῷ
1119 685 1341 762 γραμματιςτῇ,
1365 677 1410 741 ὥς

368 783 463 843 φηςιν
487 761 695 843 Ἀλέξανδρος
728 764 746 828 δ
778 765 920 830 Αἰτωλὸς
958 767 994 830 ἐν
1029 764 1290 844 ἀςτραγαλιςταῖς
1329 768 1404 847 [οού.

368 851 639 930 άςτρολογιςταῖς;
666 877 721 918 em.
741 858 907 918 Meiuohius
929 859 986 918 An.
1005 859 1053 918 Al.
1072 879 1100 936 p.
1122 857 1209 936 217}

366 948 407 1004 87
432 946 459 1004 A
482 946 600 1006 τοῦτον
625 942 846 1022 Κλειτώνυμον
870 945 1050 1023 Φερεκύδης
1072 944 1199 1023 ίςτορεῖ.

204 1034 262 1092 in
292 1035 318 1093 B
348 1035 503 1111 leguntur:
540 1035 806 1111 καταχρηςτικώς·
843 1037 943 1097 παῖδα
975 1033 1036 1112 γὰρ
1073 1031 1201 1097 ἀνεῖλεν
1238 1033 1296 1096 τὸν
1332 1031 1404 1111 Ἀμ-

230 1118 430 1199 φιδάμαντος
458 1119 516 1183 τὸν
539 1119 724 1198 Λύςανδρον
752 1119 831 1200 παρ’
854 1119 1022 1200 Ὀθρυονεῖ
1047 1127 1094 1205 τῷ
1122 1129 1336 1206 γραμματιςτῇ
1369 1122 1405 1187 ἐν

231 1212 342 1290 παιδιᾷ
355 1206 573 1286 ἀςτραγάλων.
611 1211 816 1288 Olisonymum
836 1220 1048 1275 commemorat
1062 1214 1262 1290 Apollodorus
1278 1212 1338 1290 [III
1355 1217 1404 1290 13,

232 1303 262 1377 8,
277 1297 322 1377 4]‚
336 1301 464 1360 Aianem
484 1301 592 1361 Strabo
614 1298 718 1376 [VIIII
731 1322 760 1378 p.
776 1301 855 1379 425]
871 1305 922 1364 ubi
936 1304 972 1362 de
986 1304 1118 1364 Patrocli
1132 1321 1243 1379 scelere
1257 1304 1403 1363 locuntur.

365 1407 454 1467 schol.
475 1404 500 1468 N
526 1409 566 1466 23
591 1408 618 1464 V
644 1403 719 1468 εἰςὶν
743 1402 892 1484 Ἐριώλης
915 1406 967 1469 καὶ
986 1406 1125 1470 Γλαῦκος
1142 1406 1194 1469 καὶ
1212 1404 1403 1482 Ἐγκέλαδος

364 1491 415 1555 καὶ
438 1491 567 1556 (θέντος
990 1533 992 1538 ,
1039 1523 1043 1531 ·

232 1605 271 1646 se.
295 1585 430 1661 Neptuni
453 1585 529 1661 equi.
576 1581 737 1646 (θένοντα
759 1587 851 1644 habet
876 1581 959 1646 Fiust.
982 1607 1010 1662 ρ.
1036 1590 1109 1664 883,
1135 1590 1175 1648 33
1199 1589 1268 1647 Bae.

364 1674 454 1733 schol.
479 1670 504 1734 Ν
530 1676 594 1734 429
618 1673 646 1731 V
669 1671 702 1735 ἐξ
726 1669 924 1749 Ἐριώπιδος·
953 1672 1032 1750 αύτη
1056 1673 1117 1750 γὰρ
1141 1675 1221 1752 γυνὴ
1249 1671 1402 1753 Ἀγχίτου.

229 1763 330 1840 agitur
359 1760 395 1821 de
420 1763 623 1839 Hippodamia
650 1763 799 1822 Anchisae
826 1764 896 1826 filia.
941 1765 1071 1842 Hesyoh.
1100 1759 1280 1840 Ἐριιῖιπις..
1309 1763 1360 1826 καὶ
1383 1762 1402 1840 ἡ

231 1847 376 1925 Ἀγχίτου
399 1850 489 1927 γυνή.
1508 1871 1510 1876 ’

363 1941 454 2002 schol.
480 1937 503 2001 N
531 1943 593 2001 694
617 1941 646 1998 V
669 1937 702 2002 ἐξ
730 1935 917 2016 Ἀλκιμάχης
945 1943 1001 2018 τῆς
1030 1939 1146 2004 Αἰακοῦ
1170 1939 1210 2018 ἦν
1233 1938 1252 2002 δ
1276 1940 1402 2005 Μέδων.

231 2031 306 2090 conl.
330 2029 421 2088 schol.
445 2024 471 2089 0
496 2031 560 2090 333
584 2029 683 2088 neseio
707 2049 747 2088 an
770 2030 958 2090 scribendum
983 2032 1022 2090 sit
1045 2033 1101 2106 τῆς
1124 2026 1283 2093 Φυλάκου.

367 2118 457 2177 schol.
483 2115 507 2178 Ν
539 2121 600 2179 697
626 2118 654 2176 V
683 2115 826 2193 Φέρητος
854 2115 893 2194 ἦν
922 2115 1009 2194 αὕτη.

233 2207 334 2284 agitur
356 2205 393 2265 de
416 2207 557 2282 En'opide
581 2204 659 2267 Oilei
681 2226 781 2268 uxore.
923 2241 925 2246 ,

361 2295 452 2356 schol.
471 2293 504 2356 Π
525 2298 586 2355 175
602 2296 744 2355 ADLdV
769 2293 805 2356 ἐκ
823 2292 909 2356 τίνος
929 2294 1056 2372 Πηλεύς
1071 2292 1275 2370 Πολυδώραν
1294 2293 1400 2372 ἔςχεν;

362 2380 406 2444 ὡς
421 2381 479 2459 μὲν
498 2379 665 2459 (τάφυλός
685 2401 780 2459 φηςιν
799 2381 835 2444 ἐν
854 2389 891 2466 τῇ
911 2389 932 2459 γ
951 2383 1159 2458 Θεςςαλικών,
1179 2381 1212 2446 ἐξ
1231 2382 1401 2461 Εὐρυδίκης

361 2474 418 2548 τῆς
440 2468 593 2547 Ἄκτορος
617 2468 789 2547 θυγατρός·
819 2471 999 2549 Φερεκύδης
1022 2472 1058 2534 δὲ
1083 2471 1115 2535 ἐξ
1140 2468 1322 2550 Ἀντιγόνης
1345 2477 1400 2551 τῆς

361 2557 572 2637 Εὐρυτίωνος,
600 2558 734 2623 (ουίδας
758 2559 793 2621 δὲ
817 2559 852 2622 ἐκ
875 2559 1076 2638 Λαοδαμείας
1098 2565 1154 2636 τῆς
1177 2556 1399 2639 Ἀλκμαίωνος.

229 2651 400 2728 Antigonae
418 2651 593 2726 Eurytionis
611 2651 691 2710 filiae
709 2651 802 2710 filiam
821 2652 893 2712 dicit
908 2672 974 2712 eam
988 2652 1189 2729 Apollodorus
1211 2649 1270 2727 [III
1291 2656 1340 2730 13,
1358 2651 1400 2730 1].

228 2739 368 2799 Ceterum
388 2740 521 2800 scholion
542 2743 716 2815 corruptum
734 2759 799 2799 esse
823 2746 948 2816 apparet
967 2761 1002 2801 ex
1025 2740 1189 2800 Aristonici
1207 2741 1400 2802 adnotatione

228 2823 277 2888 ὅτι
297 2825 476 2904 Φερεκύδης
495 2826 553 2903 τὴν
567 2825 772 2903 Πολυδώραν
795 2825 891 2903 φηςὶν
916 2825 1062 2905 ἀδελφὴν
1085 2824 1265 2904 Ἀχιλλέως.

362 2918 453 2979 schol.
469 2914 502 2978 Π
517 2922 577 2978 177
590 2914 807 2992 7Περιήρους
821 2919 880 2978 τού
895 2916 1101 2994 Διοπλήθους
1115 2918 1173 2987 τοῦ
1189 2915 1401 2994 Μυρμιδόνος.

362 3008 452 3066 schol.
475 3004 508 3067 Π
533 3009 596 3067 718
620 3007 648 3064 V
663 3003 834 3081 Δύμαντος
858 3005 908 3068 καὶ
933 3004 1053 3082 Εὐνόης
1076 3003 1209 3082 νύμφης,
1233 3002 1277 3067 ώς
1297 3006 1399 3082 ,Φερε-

361 3092 465 3169 κύδης.
511 3089 665 3170 Ἀθηνίων
694 3092 728 3154 δὲ
755 3092 886 3157 Κιςςέως
914 3095 964 3157 καὶ
987 3091 1192 3171 Τηλεκλείας·
1221 3091 1312 3171 εἰμὴ
1337 3091 1399 3171 ἄρα

346 3179 551 3259 Ιὁμομήτριος
575 3179 654 3264 αὐτῇ
679 3177 830 3244 δἌςιος.
876 3182 988 3246 νεωςτὶ
1011 3182 1047 3245 δὲ
1071 3179 1221 3258 πάρεςτιν
1240 3179 1259 3244 ὁ
1278 3180 1398 3246 Ἄρος·

360 3270 411 3333 διὸ
435 3269 512 3333 οὐδὲ
535 3269 572 3333 ἐν
595 3273 641 3351 τῷ
664 3267 834 3352 καταλόγῳ
858 3271 958 3335 αὐτοῦ
982 3272 1144 3349 μέμνηται.
1187 3268 1205 3331 ὁ
1229 3271 1264 3332 δὲ
1290 3270 1399 3349 ἕτερος

362 3356 467 3422 ”Actor
491 3356 647 3436 Ὑρτάκου
671 3357 768 3421 ἐςτίν·
1438 3353 1442 3362 “

635 3461 740 3527 ”Aaou
761 3463 949 3543 Ὑρτακίδης
974 3465 1012 3545 [Β
1037 3466 1125 3544 838].

226 3576 368 3635 Hecubae
390 3578 507 3651 patrem
531 3573 610 3650 apud
634 3574 799 3632 Homerum
821 3574 1017 3650 Dymantem,
1046 3578 1152 3651 postea
1175 3573 1310 3634 Cisseum
1340 3576 1399 3636 dici

182 3691 184 3699 ·
227 3683 316 3740 saepe
338 3667 473 3723 notatur:
511 3663 548 3724 cf.
571 3663 731 3724 Aristonic.
756 3663 794 3721 ad
816 3660 849 3723 Π
873 3666 935 3723 718
961 3664 1051 3724 schol.
1079 3664 1150 3724 Eur.
1174 3665 1245 3724 Heo.
1270 3667 1288 3725 3
1314 3664 1398 3724 Serv.

226 3753 265 3812 ed
293 3754 367 3814 Aen.
390 3752 450 3811 VII
478 3754 542 3812 230
570 3752 708 3828 Apollod.
737 3752 782 3810 III
813 3755 867 3827 12,
896 3753 925 3828 5,
956 3755 973 3811 2
1007 3753 1118 3830 Hygin.
1146 3753 1206 3813 fab.
1235 3751 1396 3814 LXXXXI.

227 3841 302 3902 CXI.
323 3841 538 3901 OOXXXXIII.
558 3839 818 3900 OCXXXXVIIII.
846 3840 1028 3917 Pherecydis
1051 3844 1145 3902 verba
1164 3841 1312 3918 exscripta
1326 3846 1397 3901 aunt

227 3931 317 3992 schol.
341 3932 411 3990 Eur.
435 3930 509 3990 Hec.
532 3932 566 4007 3,
594 3929 646 3988 sed
674 3930 781 3988 mutila
804 3947 869 3988 esse
895 3930 1044 3991 videntur:
1075 3927 1255 4005 Φερεκύδης
1277 3925 1396 4005 γράφει

226 4015 343 4081 οὕτως·
365 4014 510 4094 Πρίαμος
533 4016 568 4079 δὲ
593 4014 611 4078 δ
635 4015 857 4098 Λαομέδοντος
880 4019 975 4094 γαμεῖ
992 4015 1124 4097 Ἑκάβην
1147 4017 1205 4094 τὴν
1224 4015 1396 4094 Δύμαντος

225 4109 284 4170 τοῦ
306 4103 458 4170 Ἠιονέως
479 4109 538 4168 τού
558 4104 775 4182 Πρωτέως-
794 4107 918 4167 dubium
936 4112 983 4168 est
995 4128 1068 4167 num
1086 4107 1251 4183 Pherecydi
1269 4097 1396 4167 debean'·

225 4201 276 4258 tur
299 4217 380 4275 quae.
399 4198 550 4256 secuntur:
574 4195 593 4272 ἢ
617 4193 797 4271 (αγγαρίου
816 4197 874 4257 τοῦ
893 4197 1040 4272 ποταμοῦ
1058 4194 1109 4256 καὶ
1130 4193 1246 4271 Νηῖδος
1269 4194 1397 4272 νύμφης

226 4283 398 4363 Εὐαγόρας.
406 4281 431 4367 ¹)
488 4285 532 4345 of.
567 4287 648 4346 aliud
684 4287 818 4347 scholion
851 4285 929 4362 quod
963 4285 1074 4380 ibidem
1105 4287 1230 4361 legitur:
1265 4283 1397 4347 Κιςςέως

301 4423 320 4490 ¹)
340 4419 380 4474 of.
401 4419 562 4490 Apollodor.
582 4420 621 4474 Ill
642 4428 683 4489 12,
703 4427 727 4488 5,
748 4426 772 4474 2.
