3086 5124
226 215 292 306 438
652 241 799 298 Eduardus
819 242 972 300 Schwartz:

228 408 310 480 Quae
339 411 471 467 extremo
494 409 559 468 loco
583 410 617 466 ut
640 407 786 468 Helenam
809 412 847 469 ab
871 410 1041 468 Alexandro
1065 410 1221 486 deceptam
1245 429 1310 470 esse
1333 430 1402 486 pro·

226 498 327 572 betur,
359 497 461 573 inepta
491 497 642 570 acreum,
657 497 773 574 fabula,
803 519 821 557 a
849 499 994 576 magistro
1026 499 1125 575 aliquo
1158 499 1288 558 floccidis
1317 500 1401 559 scho-

227 585 341 644 lasticis
365 590 471 646 oruata
494 589 525 645 et
548 587 579 644 in
601 581 738 660 ἱςτορίας
760 588 888 646 formam
911 588 1033 647 redacta
1056 592 1114 647 est:

361 669 571 750 Ἀλέξανδρος
594 670 612 733 ὁ
631 670 778 749 Πριάμου
802 677 877 736 παῖς
901 671 966 737 ἀπὸ
989 678 1046 752 τῆς
1070 671 1171 737 Ἀςίας
1194 672 1332 752 κατάρας
1357 673 1402 738 εἰς

360 762 419 839 τὴν
442 761 663 837 Λακεδαίμονα
691 764 847 826 διενοεῖτο
875 764 934 840 τὴν
962 761 1092 840 Ἑλένην
1120 761 1320 840 ξενιζόμενος
1346 762 1401 841 άρ-

361 849 465 913 πάςαι.
497 850 517 928 ἡ
541 850 576 912 δὲ
601 853 754 925 γενναῖον
777 851 854 930 ἦθος
873 852 924 914 καί
943 850 1123 929 φίλανδρον
1142 849 1260 929 ἔχουςα
1278 850 1401 930 ἀπηγό-

361 958 434 1015 ρευε
457 938 509 1001 καὶ
532 940 688 1016 προτιμᾶν
712 937 805 1015 ἔλεγε
828 941 887 1004 τόν
916 940 994 1018 μετὰ
1017 940 1118 1018 νόμου
1142 939 1246 1017 γάμον
1270 941 1320 1004 καὶ
1343 941 1402 1004 τὸν

361 1027 530 1091 Μενέλαον
545 1027 617 1106 περὶ
633 1025 784 1091 πλείονος
803 1029 953 1107 ἡγεῑςθαι.
985 1031 1163 1107 γενομένου
1178 1031 1214 1092 δὲ
1229 1033 1287 1092 τοῦ
1301 1023 1402 1108 Πάρι-

360 1118 416 1178 δος
431 1113 594 1194 ἀπράκτου
610 1115 687 1195 φαςὶ
701 1118 760 1194 τὴν
775 1116 966 1195 Ἀφροδίτην
979 1120 1238 1197 έπιτεχνήςαςθαι
1252 1118 1403 1182 τοιοῦτόν
1488 1117 1494 1124 ’

279 1283 281 1287 Α
359 1225 389 1267 τι
417 1203 496 1269 ὥςτε
524 1205 576 1268 καὶ
604 1203 813 1282 μεταβάλλειν
838 1211 897 1271 τοῦ
921 1205 1132 1284 Ἀλεξάνδρου
1163 1209 1221 1285 τὴν
1246 1207 1333 1272 ἰδέαν
1357 1207 1402 1271 εἰς

360 1294 418 1357 τὸν
437 1297 495 1358 τοῦ
511 1293 681 1358 Μενελάου
701 1301 884 1373 χαρακτῆρα
902 1296 954 1359 καὶ
972 1295 1058 1359 οὕτω
1077 1298 1136 1374 τὴν
1153 1295 1283 1376 Ἑλένην
1298 1316 1402 1375 παρα-

360 1381 548 1457 λογίςαςθαι.
583 1381 720 1447 δόξαςαν
747 1384 808 1462 γὰρ
833 1383 913 1448 είναι
936 1389 1005 1448 ταῖς
1029 1383 1190 1462 ἀληθείαις
1213 1386 1272 1449 τὸν
1296 1385 1399 1450 Μενέ-

361 1475 442 1535 λαον
466 1473 505 1549 μὴ
531 1470 659 1550 ὀκνῆςαι
687 1471 751 1551 ἅμα
774 1473 861 1556 αὐτῷ
887 1473 1029 1552 ἓιτεςθαι,
1053 1472 1219 1553 φθάςαςαν
1242 1474 1278 1537 δὲ
1302 1473 1402 1553 αὐτὴν

360 1558 431 1638 άχρι
464 1565 521 1637 τῆς
553 1561 636 1624 νεὼς
669 1561 906 1641 ἐμβαλλόμενος
940 1561 1071 1642 ἀνήχθη.
1109 1564 1129 1640 ἡ
1161 1562 1281 1641 ίςτορία
1314 1563 1402 1642 παρὰ

362 1649 451 1730 Νικίᾳ
465 1653 520 1732 ’τῷ
544 1649 671 1731 πρώτῳ.

314 1741 385 1804 ΙΠΙ.
414 1740 471 1800 Sed
490 1741 550 1801 iam
568 1745 784 1802 transeundum
807 1748 853 1803 est
876 1745 1030 1820 adipsum
1049 1740 1195 1820 ἱςτοριῶν
1216 1763 1311 1822 genus
1329 1741 1409 1804 data

226 1849 317 1908 opera
330 1831 528 1891 tractandum.
553 1832 645 1891 Recte
661 1833 686 1890 si
699 1833 858 1892 nonnullas
869 1852 905 1892 ex
919 1834 1038 1893 scholiis
1048 1834 1230 1894 doctioribus
1244 1835 1282 1893 ab
1297 1834 1334 1893 iis
1349 1833 1408 1911 qui*

226 1921 337 1980 scheda
356 1920 541 1996 collegerunt
559 1920 797 1998 redegeruntque
812 1922 985 1999 desumptas
1005 1926 1036 1982 et
1054 1922 1196 1983 dilatatas
1215 1941 1279 1982 esse
1299 1924 1402 1995 statui,

225 2011 274 2070 vel
301 2009 369 2069 hinc
397 2008 494 2068 elucet
521 2009 781 2070 vehementissime
811 2029 875 2070 esse
908 2011 1105 2070 dubitandum
1137 2031 1210 2070 num
1242 2012 1401 2071 adnotasse
1441 2077 1447 2084 ,

227 2098 356 2159 sufficiat
379 2115 429 2156 eas
451 2097 582 2174 Didymo
606 2093 747 2180 deberi.¹)
781 2099 967 2160 Documento
991 2103 1060 2159 sunt
1088 2101 1202 2160 scholia
1223 2101 1256 2159 in
1278 2100 1403 2160 Pindari

227 2188 358 2248 carmina
381 2189 471 2262 atque
494 2187 526 2245 in
548 2187 700 2264 Euripidis
723 2188 868 2266 Medeam,
890 2189 1054 2266 Didymum
1080 2189 1191 2248 saeculi
1213 2189 1294 2248 illius
1318 2209 1401 2250 more

226 2278 269 2336 ita
286 2277 423 2335 iunctum
442 2294 506 2336 esse
529 2277 703 2354 interpretis
726 2298 848 2338 munere
867 2283 995 2355 atquae
1016 2278 1131 2355 priores
1150 2282 1400 2339 commentatores

224 2366 293 2424 inde
312 2366 350 2425 ab
369 2364 570 2440 Aristophane
589 2370 619 2425 et
638 2367 812 2426 Aristarcho
832 2368 1058 2444 adnotaverant,
1082 2367 1241 2445 diligenter
1261 2367 1292 2426 in
1310 2387 1400 2426 unam

225 2456 335 2514 molem
358 2458 533 2530 congereret
555 2473 650 2531 neque
673 2475 796 2531 prorsus
819 2456 958 2534 indignus
983 2476 1055 2516 sana
1079 2475 1240 2532 severaque
1262 2459 1399 2515 veterum

226 2543 382 2620 disciplina
405 2562 440 2602 ex
463 2543 634 2622 ingentibus
654 2544 745 2620 copiis
769 2547 858 2621 atque
881 2546 1078 2606 multifariam
1097 2544 1237 2622 dispersis
1256 2563 1399 2621 magnum

226 2639 315 2710 atque
347 2633 534 2709 praeclarum
568 2634 824 2710 interpretationis
857 2637 1036 2711 apparatum
1070 2635 1250 2696 institueret.
1295 2634 1398 2710 Neque

225 2723 383 2782 historiam
414 2722 563 2796 poeticam
596 2723 741 2800 neglexit,
769 2723 821 2782 sed
848 2728 883 2784 ut
909 2743 970 2783 non
996 2728 1066 2801 apte
1093 2724 1142 2785 vel
1168 2723 1322 2802 ingeniose
1355 2723 1400 2782 ita

224 2812 310 2873 docte
333 2830 397 2869 rem
420 2810 482 2886 egit
504 2811 596 2870 variis
619 2831 695 2887 quae
714 2811 793 2887 apud
816 2813 890 2872 elios
909 2813 1084 2873 ferebantur
1101 2813 1273 2872 fabularum
1294 2812 1399 2872 formis

225 2901 368 2961 adhibitis
392 2903 423 2960 et
446 2917 514 2959 cum
539 2901 605 2977 ipso
633 2903 768 2960 auctore·
782 2902 915 2962 conlatis.
954 2901 1039 2972 Quod
1061 2902 1125 2963 veri
1148 2905 1179 2962 et
1197 2901 1262 2978 apti
1279 2921 1399 2961 sensum

224 2991 256 3049 in
276 2993 433 3066 poetarum
456 2990 703 3066 interpretatione
728 3009 815 3066 saepe
839 2991 1002 3051 abiecerint
1024 2997 1114 3068 atque
1134 2996 1259 3068 propter
1276 2991 1399 3049 nimiam

224 3079 429 3138 curiositatem
459 3079 614 3155 inanisque
647 3079 798 3138 doctrinae
826 3081 1028 3156 captationem
1049 3081 1137 3158 nugis
1170 3083 1202 3140 et
1232 3079 1398 3157 quisquiliis

224 3169 292 3245 plus
321 3187 428 3243 operae
456 3169 632 3228 navaverint
659 3187 748 3245 quam
775 3168 812 3227 iis
841 3189 915 3245 quae
943 3189 961 3227 a
987 3169 1175 3230 saeculorum
1202 3169 1341 3229 barbarie
1367 3169 1399 3228 in

223 3258 378 3318 hominum
400 3257 599 3335 posteriorum
622 3277 710 3316 usum
733 3263 925 3318 servarentur
941 3275 1061 3317 necesse
1081 3261 1154 3333 erat,
1178 3257 1225 3317 his
1246 3259 1399 3318 decausis

223 3348 344 3406 illorum
361 3350 531 3424 temporum
549 3347 760 3424 grammaticos
778 3348 886 3406 merito
906 3342 1066 3422 vituperes,
1088 3345 1139 3405 sed
1158 3365 1193 3405 eo
1212 3350 1294 3407 certe
1313 3351 1400 3408 erant

223 3437 255 3495 in
282 3439 347 3495 arte
374 3437 570 3513 grammatica
593 3436 755 3496 exercenda
777 3436 898 3496 fastidio
922 3454 1015 3511 eaque
1043 3435 1074 3493 in
1097 3435 1186 3495 rebus
1211 3438 1343 3497 obscuris
1367 3441 1398 3496 et

224 3525 344 3586 absonis
362 3524 538 3604 indagandis
558 3525 725 3596 sedulitate,
744 3527 778 3583 ut
798 3525 905 3602 exigua
922 3527 1060 3584 vetustae
1079 3524 1232 3584 doctrinae
1251 3526 1397 3585 fabularis

224 3616 354 3676 frustula
381 3615 497 3675 nollent
523 3633 685 3690 puerorum
710 3613 868 3689 ingeniolis
892 3613 1035 3690 adaptare
1059 3633 1154 3691 neque
1180 3614 1313 3674 nonium
1336 3615 1395 3674 for-

161 3741 167 3750 ·
225 3707 292 3763 rent
318 3703 445 3764 fabellas
477 3704 509 3762 in
535 3703 632 3762 triviis
661 3707 700 3763 et.
722 3703 860 3778 compitis
888 3703 1061 3763 decantatas
1088 3704 1198 3763 iterum
1228 3704 1396 3779 iterumque

224 3793 386 3854 renovandi
409 3797 440 3853 et
463 3791 654 3852 exscribendi.
692 3791 832 3850 Ceterum
851 3792 877 3851 si
898 3793 972 3852 hacc
990 3793 1102 3852 scholia
1120 3792 1249 3868 Didymo
1265 3791 1395 3850 vindica·

299 3929 319 3998 1)
338 3927 375 3986 M.
390 3926 518 3983 Schmidt
533 3924 654 3998 [Didym.
669 3944 695 3996 p.
711 3927 790 3998 213]:
811 3927 830 3979 ‘.
847 3970 852 3980 .
869 3970 874 3982 .
888 3926 1011 3996 Didymo
1024 3927 1056 3981 ni
1069 3927 1153 3980 fallor
1170 3925 1308 3980 debentur
1321 3924 1396 3980 inter

224 3999 321 4056 scholl.
340 3999 372 4054 Π.
392 3999 441 4052 AD
462 3999 559 4068 Odyss.
579 3995 672 4062 QBEV
699 4014 732 4051 ca
756 3996 857 4066 quibus
881 3997 1067 4053 subscribitur
1089 4001 1106 4066 ἡ
1130 3997 1233 4064 ἱετορία
1255 3999 1331 4065 παρὰ
1353 4003 1395 4066 τῷ

224 4076 307 4129 δέίνα.
340 4070 396 4125 Sed
413 4071 483 4124 haec
502 4069 652 4123 adnotasse
672 4068 811 4124 sufficiet'
835 4069 875 4123 cf.
894 4088 921 4140 p.
942 4076 1000 4125 182.
1033 4069 1129 4137 Nuper
1147 4067 1181 4121 de
1199 4066 1244 4120 his
1264 4065 1325 4135 egit
1343 4067 1395 4124 lul.

202 4133 353 4198 ‘Schwarz
371 4141 401 4195 in
420 4139 618 4196 dissertatione
636 4139 852 4195 Vratislaviensi
871 4158 895 4196 a.
917 4148 997 4198 1878:
1023 4141 1076 4194 ‘De
1095 4136 1211 4193 schohis
1229 4137 1260 4190 in
1279 4138 1396 4193 Homeri

223 4214 341 4270 Iliadem
362 4211 562 4294 mythologicis
585 4211 681 4281 capita
702 4212 779 4266 tria’.
816 4214 849 4267 ln
871 4211 1042 4267 scholiorum
1064 4209 1186 4279 origines
1214 4211 1244 4263 et
1266 4211 1396 4265 naturam

224 4285 309 4340 altius
327 4302 384 4340 non
402 4283 562 4353 inquisrvit,
582 4284 631 4338 sed
649 4301 745 4338 eorum
764 4287 931 4354 argumenta
948 4283 1071 4338 breviter
1088 4279 1242 4348 recensuit,
1266 4281 1395 4336 codicum

225 4356 428 4426 discrepantias
447 4355 632 4422 enumeravit,
651 4357 686 4410 de
704 4355 790 4410 variis
808 4355 978 4410 lectionibus
998 4352 1161 4422 disputavit.
1194 4352 1317 4408 Profecit
1335 4353 1394 4408 fere

224 4428 296 4483 nihil
314 4445 404 4497 neque
424 4427 453 4482 in
470 4425 570 4483 Iliadis
590 4427 705 4481 scholiis
725 4444 754 4482 se
773 4427 917 4482 continere
936 4425 1066 4480 debebat.
