3086 5124
210 235 275 301 428
638 236 783 293 Eduardus
804 237 956 294 Schwartz:

211 405 417 480 adserebatur,
444 406 499 465 hoe
526 407 591 465 loeo
620 407 736 484 cyclum
764 407 900 483 Dionysii
928 406 1078 483 designari
1105 406 1282 483 putaverim.
1328 408 1385 468 Hic

212 499 248 555 ut
269 495 338 556 τοῖς
357 493 527 570 νεωτέροις
545 495 626 554 haud
644 496 745 572 inepte
765 497 924 572 opponitur
943 495 1076 556 itanum
1095 514 1201 556 revera
1219 496 1255 555 de
1273 496 1385 557 Arione

211 603 343 661 unquam
366 585 566 662 disputaverit
584 588 674 661 atque
697 585 762 644 loco
785 585 838 644 illo
862 585 981 644 adlatus
1005 585 1052 661 sit,
1076 603 1198 662 prorsus
1222 589 1269 646 est
1290 586 1384 646 incer·
1410 607 1417 619 ·

209 677 284 734 tum.
329 674 405 733 Rern
436 674 467 733 in
501 675 627 734 obscuro
659 674 788 750 relinqui
819 693 940 734 necesse
972 691 1036 734 esse
1069 673 1196 734 videtur.
1244 673 1384 736 Ceterum

210 763 353 822 Arionem
387 783 405 822 a
432 763 572 838 Neptuno
604 766 635 822 et
669 763 803 840 Harpyia
835 768 934 823 ortum
967 782 1031 822 esee
1063 781 1212 839 nusquam
1243 765 1316 842 legi,
1349 765 1385 825 de

212 852 302 911 Furia
332 852 480 912 consentit
514 871 590 910 unus
625 852 794 928 Hesychius
832 846 945 927 Ἀρίων
976 847 995 911 ὁ
1029 848 1141 912 ἵππος·
1178 849 1384 915 Ποςειδῶνος

212 936 280 1000 υίὸς
309 937 359 1001 καὶ
387 940 457 1014 μιᾶς
485 941 551 1001 τῶν
575 934 733 1015 Ἐρινύων.
780 941 864 1000 Hane
888 942 966 1000 enim
988 941 1123 1001 fabulam
1146 941 1204 1001 etei
1227 961 1245 1001 a
1267 942 1385 1019 volgari

211 1049 270 1106 qua
287 1030 446 1106 Neptunus
470 1033 501 1089 et
519 1029 609 1090 Ceres
628 1024 865 1109 consociantur¹)
888 1030 1010 1089 minime
1034 1030 1182 1091 diversam
1206 1050 1271 1091 esee
1294 1051 1384 1092 exeo

212 1119 347 1195 sequitur
375 1119 453 1195 quod
481 1118 622 1178 Cererem
651 1113 776 1194 Ἐρινύα
802 1119 986 1178 nominatam
1014 1138 1080 1179 esse
1107 1120 1264 1197 Lycophro
1294 1120 1384 1180 Calli-

211 1208 334 1267 machus
357 1207 522 1268 Pausanias
552 1212 688 1268 auctores
715 1200 826 1289 sunt2),
853 1228 924 1267 num
951 1213 1069 1269 veteres
1096 1209 1311 1287 mythographi
1333 1229 1384 1270 eos

213 1316 268 1372 pro
291 1317 351 1357 una
374 1297 535 1373 eademque
559 1296 718 1356 habuerint
743 1297 828 1357 valde
851 1296 975 1356 dubium
998 1302 1053 1357 eet.
1104 1367 1107 1372 Δ

344 1386 434 1445 schol.
463 1383 492 1447 Ψ
522 1389 583 1446 783
609 1385 636 1442 V
668 1380 717 1446 δ’τι
751 1384 810 1460 τὴν
836 1383 1000 1459 παρθένον
1029 1381 1136 1448 εἴκαςε
1169 1382 1272 1463 μητρί·
1305 1383 1384 1449 δδὲ

344 1469 462 1549 Ἴςτρος
499 1472 664 1549 ἐκτεθῆναι
700 1471 763 1534 ὑπὸ
802 1469 992 1535 Ἀντικλείας
1025 1469 1176 1536 Ὀδυςςέα
1213 1474 1310 1552 φηςὶν
1347 1475 1384 1538 ἐν

343 1556 590 1640 Ἀλαλκομεναῖς
612 1564 668 1639 τῆς
692 1558 854 1639 Βοιωτίας,
878 1561 897 1639 ἥ
921 1561 1004 1624 ἐςτιν
1027 1560 1098 1639 ἱερὰ
1121 1560 1261 1640 Ἀθηνᾶς.

210 1653 254 1728 Of.
279 1653 356 1714 Plut.
380 1658 494 1730 quaest.
518 1673 562 1730 gr.
586 1656 627 1713 43
652 1674 681 1728 p.
700 1655 762 1713 301
788 1653 838 1728 qui
861 1656 892 1712 et
913 1653 978 1730 ipse
1001 1653 1073 1713 Ietri
1092 1653 1287 1714 Alexandrini
1304 1674 1383 1715 com-

210 1743 371 1803 mentarios
395 1742 502 1819 adfert,
525 1742 672 1819 Lycophr.
699 1744 761 1802 786
772 1760 795 1800 c.
820 1742 910 1801 schol.
936 1741 978 1802 St.
1005 1743 1075 1820 Byz.
1098 1764 1127 1818 p.
1152 1745 1202 1814 75,
1229 1748 1278 1806 14.

299 1830 397 1890 Simili
415 1831 530 1891 ratione
544 1835 634 1907 atque
653 1850 689 1890 ea
707 1850 766 1907 qua
779 1831 860 1889 Vlixi
875 1831 952 1890 Aiax
967 1832 1117 1891 Minervae
1139 1834 1268 1892 tutelam
1289 1853 1383 1909 paene

210 1923 378 1980 maternam
406 1921 437 1979 in
465 1919 658 1997 opprobrium
681 1923 799 1980 vertere
827 1921 991 1995 putabatur
1017 1922 1057 1979 'ob
1089 1924 1202 1981 certam
1234 1922 1383 1997 quandam

211 2027 332 2068 causam
349 2028 446 2085 neque
466 2029 532 2068 eam
555 2028 590 2068 ex
610 2009 741 2068 Homero
763 2009 964 2086 conspicuam,
988 2009 1168 2085 posteriores
1188 2028 1224 2068 ex
1246 2011 1382 2071 uersibus

214 2094 240 2158 Ο
266 2101 395 2175 521sq.:
747 2151 759 2175 ,

793 2241 795 2244 .
841 2183 880 2247 οὐ
904 2183 965 2262 γὰρ
989 2181 1157 2247 Ἀπόλλων

416 2271 466 2338 εἴα
489 2271 623 2337 Πάνθου
647 2270 717 2336 υἱὸν
740 2272 788 2338 ἐνὶ
811 2271 1001 2352 προμάχοιςι
1023 2276 1173 2351 δαμῆναι·

210 2384 329 2444 fabulas
353 2383 526 2443 recentioris
550 2383 660 2443 aetatis
683 2383 871 2443 derivabant:

344 2472 433 2532 schol.
468 2470 493 2532 Ο
528 2474 590 2532 522
615 2473 643 2529 V
670 2466 714 2531 ὡς
747 2468 842 2545 Τρῶα
875 2465 925 2529 καὶ
958 2464 1093 2543 ἀριςτέα.
1139 2469 1223 2531 τινὲς
1255 2468 1291 2531 δὲ
1324 2469 1383 2533 τδν

343 2557 497 2623 Πάνθοον
521 2556 658 2636 Δελφόν
682 2575 778 2636 φαςιν
800 2555 888 2635 ἱερέα
911 2559 969 2618 τοῦ
993 2553 1208 2620 Ἀπόλλωνος.

210 2651 289 2710 Ναιιι
313 2670 348 2710 ex
376 2651 488 2711 scholio
517 2651 588 2710 olim
610 2649 774 2726 copiosiore
798 2649 899 2708 scholl.
924 2644 957 2708 Μ
981 2651 1042 2707 211
1068 2648 1226 2725 desumpta
1255 2649 1316 2710 sint
1338 2651 1382 2709 in·

210 2743 325 2800 certum
358 2743 417 2816 est,
448 2743 606 2816 praeterea
637 2740 673 2798 cf.
698 2738 781 2798 Serv.
813 2738 852 2796 ad
883 2738 958 2798 Aen.
991 2737 1021 2795 ΙΙ
1045 2739 1118 2797 318.
1161 2739 1264 2815 Neque
1286 2740 1384 2816 magia

209 2832 328 2889 constat
351 2833 451 2889 utrum
471 2828 632 2906 Porphyrii
652 2829 788 2905 catalogo
806 2826 973 2886 vindicetur
992 2845 1031 2884 an
1049 2828 1106 2886 huc
1125 2828 1273 2887 referatur
1293 2828 1383 2890 schol.

210 2914 237 2979 Ω
263 2920 325 2979 259
351 2919 380 2975 V
408 2915 595 2994 (τηςίχορος
628 2911 833 2978 Ἀπόλλωνος
866 2911 965 2975 αὐτόν
998 2932 1093 2991 φηςιν
1124 2913 1163 2976 οὐ
1187 2915 1302 2992 νοήςας
1324 2915 1384 2992 τὴν

211 3003 401 3084 ὑπερβολήν.
447 3008 523 3066 Vide
547 3025 638 3083 supra
660 3027 687 3083 p.
713 3009 786 3066 406.

299 3097 343 3156 De
368 3096 474 3174 Oedipi
496 3100 593 3156 morte
616 3097 759 3173 leguntur
781 3096 866 3155 haec:
894 3085 895 3091 '

344 3186 434 3246 schol.
459 3182 488 3246 Ψ
509 3188 570 3246 679
591 3185 619 3241 V
637 3179 685 3244 ὅτι
711 3179 919 3260 βαςιλεύοντα
941 3179 978 3243 ἐν
1002 3179 1120 3258 Θήβαις
1144 3179 1239 3257 φηςῖν
1262 3176 1381 3244 ἀπολέ-

345 3278 414 3336 ςθαι
438 3271 497 3349 οὐχ
516 3268 560 3333 ὡς
580 3269 611 3333 oi
629 3269 791 3346 νεώτεροι.
828 3268 879 3331 καῖ
892 3267 1036 3331 Ἡςίοδος
1052 3267 1087 3330 δέ
1103 3287 1198 3345 φηςιν
1213 3268 1249 3331 ἐν
1263 3269 1382 3348 θηβαις

344 3359 443 3423 αὐτοῦ
472 3357 695 3423 ἀιτοθανόντος
723 3355 869 3436 Ἀργείαν
895 3358 954 3433 τὴν
981 3354 1153 3432 Ἀδράςτου
1187 3358 1243 3420 ςὺν
1271 3355 1382 3421 ἄλλοις

344 3449 451 3512 ἐλθεῖν
473 3449 527 3512 ἐπὶ
549 3449 608 3526 τὴν
631 3446 760 3524 κηδείαν
784 3444 891 3508 αὐτοῦ.

212 3541 255 3602 Of.
279 3541 438 3602 Aristonic.
467 3541 505 3599 ad
527 3537 557 3600 Ψ
582 3543 644 3599 679
661 3585 667 3598 .
684 3583 712 3612 ,.
741 3532 790 3596 ὅτι
814 3533 844 3596 οἱ
868 3531 1021 3610 νεώτεροι
1049 3532 1137 3610 παρὰ
1159 3534 1218 3598 τὸν
1239 3534 1384 3613 Ὅμηρον

210 3627 268 3690 τὸν
292 3626 446 3691 Οἰδίπουν
465 3626 561 3704 φαςὶν
585 3623 702 3688 ἑαυτὸν
725 3621 938 3700 τυφλώςαντα
961 3622 1207 3701 ποδηγούμενον
1231 3623 1275 3687 εἰς
1294 3621 1382 3702 Ἀθή-

212 3736 270 3780 νας
293 3715 400 3780 ἐλθεῖν
424 3716 474 3778 καῖ
497 3715 563 3778 ἐκεῖ
585 3715 782 3791 τελευτῆςαι·
806 3714 864 3774 νῦν
887 3710 922 3773 δὲ
946 3708 1110 3789 ὁμόλογον
1132 3710 1182 3776 δ’τι
1204 3712 1241 3776 ἐν
1265 3713 1384 3792 Θήβαις

214 3804 427 3882 ἐτελεύτηςεν.

345 3897 434 3957 schol.
466 3892 492 3957 Ω
522 3893 637 3956 25711
670 3891 821 3954 ἐντεῦθεν
853 3889 1021 3968 (οφοκλῆς
1053 3891 1089 3954 ἐν
1121 3889 1256 3972 Τρωίλῳ
1289 3891 1385 3968 φηςὶν

346 3981 445 4046 αὐτὸν
469 3984 681 4060 λογχευθῆναι
707 3979 892 4063 [ὀχευθῆναι
915 3975 1024 4062 cod.]³)
1048 3978 1112 4043 ὑπὸ
1135 3976 1305 4056 Ἀχιλλέως
1332 3979 1384 4042 ‘irr-

286 4139 304 4210 ¹)
325 4136 365 4195 Of.
386 4137 465 4192 Orid.
489 4139 548 4191 met
575 4137 612 4192 VI
638 4143 687 4192 118
712 4137 793 4193 Prob.
818 4136 854 4190 ad
878 4135 963 4205 Verg.
988 4133 1089 4203 Georg.
1108 4133 1148 4186 Ill
1168 4139 1218 4188 122
1242 4151 1269 4202 p.
1290 4139 1324 4189 60
1348 4134 1381 4192 Κ.

212 4210 299 4266 schol.
319 4210 390 4264 star.
409 4209 495 4263 Theb.
515 4209 629 4264 111143.
650 4241 682 4249 -
703 4208 724 4278 ¹)
744 4207 785 4263 Cf.
804 4207 1003 4278 Lycoph1.158
1019 4205 1105 4260 schol.
1121 4204 1147 4260 h.
1162 4221 1187 4259 v.
1204 4206 1234 4259 et
1251 4223 1290 4261 vs.
1312 4212 1382 4261 1225

211 4282 292 4336 Pane.
312 4281 377 4336 Vlll
400 4285 433 4336 25
455 4279 585 4350 Αρολλοιλ.
610 4281 697 4348 1116,
725 4285 754 4349 8,
780 4287 795 4334 δ
814 4285 918 4334 τοῦτον
936 4281 966 4333 ἑκ
984 4278 1159 4332 Ποςειδιῖινος
1177 4278 1306 4345 ὲγὲννηςε
1324 4281 1382 4345 Δη-

211 4356 303 4422 μήτηρ
322 4353 470 4409 εἰκαςθεῖςα
495 4353 593 4422 Ἐρινύι
617 4354 687 4407 κατὰ
710 4355 763 4419 τὴν
782 4351 934 4406 ςυνουςίαν.
960 4379 993 4389 -
1020 4347 1102 4419 ³)Ex
1118 4345 1269 4403 Eustcthio
1289 4365 1381 4403 emen·

213 4424 293 4480 davit
311 4423 444 4480 Welcker
461 4423 504 4479 Tr.
525 4440 616 4496 graec.
635 4441 662 4491 p.
685 4430 743 4477 124.
