3086 5124
209 266 275 332 448
640 266 784 320 Eduardue
805 266 958 320 Schwartz:

211 435 247 498 ἐν
262 432 288 514 ᾧ
306 429 407 509 αὐτὴν
431 431 609 510 ἐφύλαττεν
632 428 722 494 άπωε
740 431 773 496 ἐξ
793 429 890 508 αύτῆε
910 433 984 494 παῖε
997 427 1000 442 ’
1014 427 1164 494 εκευάταε
1176 431 1387 510 χαλκούντήν

211 525 251 601 μὴ
276 521 416 599 γένηται.
462 519 604 597 ἐραεθεὶε
627 521 662 583 δέ
686 519 769 584 Ζεὺε
792 525 848 595 τήτ
871 519 985 582 παιδὸε
1013 518 1384 597 Δανάηνέφρούρει.καλ

212 612 248 674 ἐκ
280 613 338 673 τού
372 608 499 688 ὀρόφου
533 613 637 692 χρυεῷ
670 610 890 687 παραπλήτιοε
927 607 984 685 ῥεῖ.
1013 608 1140 686 ταύτην,
1164 605 1208 671 dre
1228 609 1286 685 μέν
1306 606 1386 672 ἐνιοι

212 700 231 778 ἡ
260 700 296 762 δέ
326 697 518 776 ὑποδέχεται
548 702 594 780 τῷ
626 696 736 779 κόλπῳ
764 697 815 760 καί
844 696 985 775 ἐκφήναε
1014 698 1173 774 λέγουειν,
1256 695 1386 775 ἔφθειρε

214 787 313 852 αὑτὸν
339 787 357 850 δ
380 788 463 851 Ζεὺε
486 792 524 870 τῇ
547 787 636 850 παιδί
660 785 813 864 μίγνυται.
858 788 925 848 τιίιν
949 786 984 848 δέ
1012 786 1168 863 Προῖτοε,
1185 783 1263 850 ὅθεν
1278 785 1388 850 αὐτοί(

213 877 333 953 γίνεται
369 876 510 954 Περεεύε
552 876 602 938 καί
644 875 792 953 ἐκτρέφει
829 874 929 938 αὐτὸν
964 874 984 952 ἡ
1013 874 1064 937 καί
1082 874 1102 952 ή
1122 872 1223 937 ετάειε
1246 874 1388 953 ἐκινήθη·

213 964 328 1043 Δανάη
353 966 404 1028 καί
426 965 446 1043 ἡ
469 965 592 1044 τροφὸτ
616 963 807 1042 κρύπτουεαι
823 961 985 1041 Ἀκρίειον.
1013 961 1057 1026 ὼε
1072 961 1388 1042 δέἐνιοίφαει,Ζεύε

212 1054 267 1118 ὅτε
292 1055 326 1117 δέ
346 1053 487 1132 Περεεύε
510 1054 633 1131 τριέτηε
652 1053 703 1116 καί
726 1053 896 1130 τετραέτη(
915 1051 984 1128 ἐγέ-
1014 1052 1275 1131 μεταμορφωθεὶε
1343 1051 1388 1116 εἰ(

211 1162 296 1220 νετο,
319 1144 454 1222 ήκουτεν
477 1141 577 1206 αύτού
600 1146 656 1219 τήε
677 1146 789 1220 φωνήε
813 1140 984 1206 παίζοντα(
1014 1141 1131 1219 χρυεὸν
1163 1140 1214 1203 καὶ
1246 1141 1297 1204 διὰ
1332 1145 1389 1219 τῆε

212 1232 263 1296 καὶ
286 1232 339 1295 διὰ
361 1235 427 1294 τῶν
455 1229 665 1308 θεραπόντων
693 1228 985 1309 μετακαλεεάμενοτ
1014 1228 1138 1308 ὀροφή(
1162 1228 1207 1292 είτ
1225 1230 1300 1292 τού(
1319 1229 1389 1294 Δα-

212 1322 270 1399 τήν
294 1319 431 1397 Δανάην
454 1321 510 1382 εὺν
533 1325 571 1402 τῇ
594 1323 708 1403 τροφῷ
731 1321 790 1397 τήν
816 1319 874 1397 μέν
897 1316 985 1381 ἀναι-
1014 1317 1092 1395 νάηε
1139 1317 1269 1395 εἰερυεὶε
1314 1317 1389 1381 κόλ-

213 1414 276 1489 ρεῑ,
310 1408 446 1487 Δανάην
474 1409 510 1472 δὲ
538 1410 711 1487 καταφέρει
740 1409 795 1472 εύν
823 1411 869 1490 τῷ
898 1407 986 1470 παιδὶ
1014 1409 1269 1485 πουετυνήλθεν.
1285 1405 1389 1470 αἰεθό-

214 1500 267 1563 ἐπὶ
290 1498 348 1562 τὸν
371 1497 435 1561 ύπὸ
459 1498 496 1561 τὸ
521 1496 627 1574 ἑρκίον
646 1497 728 1560 Διὸε
749 1495 864 1576 βωμόν,
888 1496 987 1573 μόνοε
1015 1515 1109 1575 μενοι
1155 1496 1191 1558 δέ
1240 1493 1390 1573 Ἀκρίτιοτ

214 1588 250 1651 δέ
273 1586 374 1665 αὐτὴν
397 1587 502 1668 ἐρωτᾷ
525 1585 626 1651 πόθεν
654 1585 703 1664 εἴη
732 1585 811 1669 αὐτῇ
841 1585 986 1662 γεγονὼε
1015 1585 1148 1663 ύετερον
1166 1585 1199 1649 ἐξ
1221 1583 1318 1663 αύτήε
1337 1604 1390 1660 γε·

214 1675 341 1740 δπαῑε.
378 1675 398 1753 ή
423 1676 458 1738 δέ
482 1673 546 1754 ἔφη
574 1675 610 1738 ἐκ
633 1674 726 1738 Διόε·
750 1673 769 1737 δ
793 1675 828 1737 δέ
857 1673 897 1738 ού
920 1673 986 1737 πεί·
1015 1674 1390 1752 γεννημένονΠερεέαμή

215 1772 302 1830 θεται
334 1762 411 1827 ἀλλ’
445 1763 489 1828 είε
523 1762 665 1842 λάρνακα
699 1762 857 1843 ἐμβιβάζει
889 1762 988 1842 αὐτὴν
1016 1763 1181 1826 πιετεύταε
1214 1761 1277 1826 ύπό
1310 1762 1392 1826 Διόε

215 1854 295 1931 μετά
322 1857 380 1917 τού
408 1853 522 1917 παιδὸε
550 1853 600 1916 καὶ
630 1851 753 1916 κλείεατ
784 1856 988 1916 καταποντοῑ.
1016 1851 1174 1932 ἐφθάρθαι
1206 1852 1264 1928 τήν
1294 1858 1391 1927 θυγα-

214 1942 266 2006 καὶ
285 1941 460 2020 φερόμενοι
478 1941 688 2020 ἀφικνοῦνται
712 1941 756 2006 εἰ(
775 1941 913 2020 (έριφον
931 1943 990 2019 τήν
1017 1943 1094 2019 τέρα
1112 1939 1191 2018 μετὰ
1204 1943 1263 2004 τού
1277 1940 1391 2006 παιδόε

217 2036 315 2110 νήεον
337 2031 388 2094 καὶ
412 2031 529 2094 αύτούε
560 2030 678 2095 ἐξέλκει
706 2029 824 2094 Δίκτυε
852 2028 989 2108 δΠερι-
1018 2029 1062 2094 εἰ(
1100 2028 1243 2107 λάρνακα
1283 2029 1392 2108 βαλὼν

217 2121 348 2185 εθένουε
381 2119 496 2202 δικτύῳ
529 2117 675 2182 ἁλιεύων.
718 2117 786 2182 εἶτα
820 2119 839 2197 ἡ
873 2117 988 2196 Δανάη
1018 2118 1150 2197 ἔρριψεν
1165 2117 1209 2182 εἰε
1223 2116 1391 2182 θάλατταν.

217 2207 341 2273 ἀνοῖξαι
364 2207 496 2272 ἱκετεύει
514 2209 573 2285 τὴν
592 2207 743 2286 λάρνακα.
767 2206 841 2271 δδέ
861 2205 989 2273 ἀνοίξαε
1018 2205 1324 2286 προεενεχθείεηεδέ
1336 2211 1392 2286 τήε

217 2297 267 2361 καὶ
309 2297 420 2374 μαθὼν
464 2297 579 2360 οίτινέε
625 2297 701 2361 εἰτιν
744 2295 814 2373 ἄγει
851 2296 895 2361 εἰ(
931 2296 990 2360 τὸν
1018 2294 1317 2378 λάρνακοτίερίφῳ
1333 2295 1391 2358 Δί·

216 2384 306 2450 οίκον
334 2385 386 2448 καί
413 2386 525 2464 τρέφει
554 2385 598 2449 ὼε
631 2384 672 2450 ἂν
700 2390 862 2462 ευγγενεῑε
890 2385 989 2448 αὐτού
1017 2405 1091 2449 κτυε
1121 2383 1200 2464 ἄρα(
1233 2382 1390 2464 ἀνέτρεφε

215 2473 320 2539 ὄντατ.
1017 2475 1151 2552 Περεέα.

217 2567 299 2627 Ηαοο
326 2569 428 2626 tamen
455 2585 514 2627 nen
542 2566 580 2625 ab
608 2567 673 2644 ipeo
706 2567 905 2626 bibliothecae
933 2569 1054 2626 auctore
1082 2586 1118 2626 ex
1144 2566 1314 2644 Phereeyde
1341 2585 1390 2626 ex·

217 2659 319 2732 carpta
343 2651 407 2714 ease
435 2673 503 2714 cum
525 2656 574 2714 vel
604 2675 639 2714 ex
668 2655 811 2716 adnotate
837 2655 1036 2731 discrepantia
1059 2655 1152 2715 eoniei
1177 2656 1279 2732 liceat,
1311 2657 1392 2716 uerte

218 2744 441 2803 demonstratur
465 2742 576 2803 seholie
600 2741 706 2804 3319
724 2744 864 2803 ABDLd
886 2745 994 2820 quippe
1018 2763 1076 2820 que
1100 2748 1131 2804 et
1153 2747 1219 2803 tota
1242 2745 1392 2805 enarratio

217 2832 418 2909 Apollodorea
444 2832 545 2892 verbis
568 2833 631 2891 fere
659 2832 772 2891 'eisdem
799 2833 949 2892 referatur
970 2836 1000 2891 et
1027 2833 1244 2909 discrepantiae
1271 2833 1392 2893 eaedem

217 2923 354 2981 redeant:
383 2916 498 2996 Δανάη
527 2915 679 2995 Ἀκριτίου
707 2917 847 2995 θυγάτηρ
875 2919 893 2996 ἣ
918 2917 972 2981 Διί
1001 2922 1240 2997 ευγκοιμηθεῑτα
1267 2920 1393 2997 Περεέα

218 3008 376 3085 ἐγέννηεε.
410 3007 565 3088 χρωμένῳ
593 3005 654 3084 γάρ
683 3026 759 3085 φαει
787 3011 833 3090 τῷ
861 3003 1001 3090 Ἀκριτίῳ
1024 3009 1097 3085 περὶ
1120 3008 1277 3084 γενέεεωε
1300 3005 1393 3088 ἀρρέ-

218 3116 284 3159 νων
313 3094 438 3158 παίδων
467 3094 486 3158 δ
514 3095 588 3160 θεὸτ
617 3093 680 3174 ἔφη
710 3096 855 3171 γενέεθαι
884 3099 984 3160 παῖδα
1011 3097 1047 3160 ἐκ
1074 3101 1128 3174 τήε
1157 3097 1315 3175 θυγατρόε
1343 3098 1394 3161 καί

218 3185 318 3248 αύτὸν
345 3187 478 3247 κτεῖναι·
506 3183 609 3247 δείεαε
638 3185 672 3248 δέ
708 3182 727 3247 δ
755 3182 905 3262 Ἀκρίειοε
932 3189 1028 3248 τούτο
1055 3184 1135 3248 κατὰ
1162 3189 1221 3263 trit
1249 3185 1394 3265 θάλαμον

219 3274 359 3351 χαλκοῦν
382 3271 613 3336 καταεκευάεαε
635 3275 694 3352 τήν
717 3271 853 3351 Δανάην
877 3273 1038 3352 ἐφρούρει.
1075 3272 1154 3351 αὕτη
1179 3274 1223 3352 δέ,
1250 3274 1295 3339 uc
1319 3296 1395 3355 φηει

219 3361 382 3439 Πίνδαροε
406 3361 457 3424 καί
481 3359 573 3426 άλλοι
596 3363 688 3439 τινέε,
712 3361 837 3440 ἐφθάρη
861 3361 925 3425 ὑπὸ
949 3366 1007 3426 τού
1033 3363 1265 3441 πατραδέλφου
1297 3363 1395 3444 αύτήε

217 3449 370 3528 Προίτου,
393 3448 470 3514 ὅθεν
493 3450 602 3514 αύτοῑε
625 3451 677 3514 καί
700 3450 801 3514 ετάειε
825 3451 959 3530 ἐκινήθη.
996 3449 1041 3514 ύιε
1069 3452 1104 3514 δέ
1134 3449 1213 3515 ἔνιοί
1241 3473 1347 3532 φαειν,
1375 3453 1394 3518 ὁ

219 3539 302 3602 Ζεύε
337 3539 599 3617 μεταμορφωθεὶε
632 3538 676 3603 εἰ(
710 3540 827 3618 χρυεόν
864 3540 914 3603 καλ
947 3539 999 3603 διὰ
1025 3545 1080 3619 τήε
1108 3539 1233 3621 ὀροφή(
1261 3541 1306 3606 εἰε
1336 3543 1394 3607 τὸν

221 3625 355 3704 Δανάη(
379 3626 463 3706 ῥυείε
488 3626 609 3691 κόλπον
634 3631 796 3707 ευνήλθεν.
829 3627 1015 3707 αἰεθόμενοε
1033 3631 1069 3693 δέ
1093 3628 1243 3709 Ἀκρίειοτ
1261 3631 1394 3709 ύετερον

221 3717 253 3782 ἐξ
278 3715 375 3794 αύτήε
398 3717 633 3793 γεγεννημένον
651 3717 778 3794 Περεέα
802 3719 841 3795 μή
863 3717 1027 3782 πιττεύεαε
1050 3718 1114 3783 ὑπὸ
1133 3720 1213 3784 Διὸε
1236 3718 1394 3797 ἐφθάρθαι

220 3807 278 3882 τήν
302 3806 461 3882 θυγατέρα
485 3803 563 3883 μετὰ
585 3808 644 3868 τού
672 3807 786 3869 παιδὸτ
814 3805 858 3869 είε
887 3806 1029 3885 λάρνακα
1058 3808 1166 3888 βαλὼν
1193 3806 1324 3886 ἔρριψεν
1348 3807 1393 3872 εἰ(

221 3893 388 3958 θάλατταν.
422 3894 643 3958 διαεωθέντων
671 3896 707 3958 δέ
731 3894 855 3958 τούτων
884 3896 929 3960 είε
953 3896 1092 3976 (έριφον
1114 3899 1172 3975 τήν
1199 3900 1295 3974 νήεον
1318 3895 1393 3972 μίαν

1395 3681 1417 3719 0

220 3985 286 4046 τῶν
311 3980 482 4045 Κυκλάδων
506 3983 619 4061 τυνέβη
643 3980 866 4063 ἀνατραφήναι
889 3985 947 4049 τὸν
970 3990 1070 4050 παῖδα
1096 3985 1182 4063 παρὰ
1203 3985 1391 4068 Πολυδέκτῃ

220 4074 249 4151 ἢ,
268 4068 312 4134 dre
331 4069 410 4135 ἐνιοί
429 4090 534 4149 φαειν,
553 4070 616 4136 ὑπὸ
632 4071 769 4135 Δίκτυοε
788 4077 846 4137 τοῦ
865 4071 1011 4154 ἀδελφοῦ
1030 4074 1245 4140 Πολυδέκτου.
1269 4071 1391 4152 φυγόν-

222 4180 276 4224 τοε
291 4161 326 4223 δέ
342 4159 474 4237 ύετερον
489 4158 642 4238 Ἀκριτίου
656 4163 715 4240 τήν
729 4158 881 4239 Ἀργείων
897 4163 1056 4243 βαειλείαν
1069 4164 1230 4241 παρέλαβε
1242 4163 1393 4240 Περεεύτ.

309 4253 375 4312 Iam
402 4252 497 4312 instat
522 4250 682 4332 philologis
710 4255 796 4315 leber
822 4274 882 4314 uon
908 4257 1004 4333 magis
1036 4257 1139 4315 vastus
1168 4258 1259 4332 atque
1287 4255 1393 4334 ingene

220 4361 310 4418 quam
333 4341 517 4404 necessarius
537 4345 567 4402 et
585 4343 738 4412 fecundus,
761 4347 796 4403 ut
818 4344 926 4405 herum
944 4342 1183 4419 compendiorum
1202 4363 1238 4404 ex
1256 4345 1394 4407 omuibus

221 4434 252 4491 et
275 4430 471 4508 scriptoribus
490 4434 521 4492 et
539 4432 707 4494 scholiastia
725 4433 869 4510 reliquiae
888 4433 1099 4511 conquirantur
1117 4438 1394 4514 comparenturque,
