3086 5124
270 209 312 268 De
331 212 446 267 scholiis
465 213 621 268 Homericis
641 213 676 266 ad
694 211 840 268 historiam
858 212 1014 268 fabularum
1032 213 1245 284 pertinentibus.
1282 216 1347 282 429

307 398 389 442 πουε
424 377 626 456 γυμνάζοντα
668 378 756 456 παρὰ
787 379 824 443 τὸ
858 378 1041 458 Θυμβραῖον
1074 380 1125 443 καὶ
1161 377 1346 446 ἀποθανεῖν.

307 467 494 546 ὑπονοήεειε
515 465 547 530 δ’
565 465 605 531 ἄν
624 488 669 530 τιε
693 467 751 531 τὸν
766 468 917 546 Μήετορα
940 468 1158 547 πρεεβότατον
1182 467 1347 535 εἶναιτῶν

306 556 492 634 Πριαμιδῶν
515 556 646 620 καὶτὸν
672 556 828 634 Τρωίλον,
848 555 888 619 οὐ
910 561 1011 620 παῖδα
1039 556 1119 622 διότι
1143 558 1179 623 ἐν
1214 556 1278 638 [δι’Ι
1300 556 1347 624 ιῖιν

308 646 384 725 cod]
409 649 478 709 τοῑε
500 643 637 725 ἀρίετοιε
660 647 876 722 καταλέγεται.

174 739 220 800 cf.
247 738 463 798 Aristonicum:
497 732 546 798 ότι
574 735 610 798 ἐκ
633 738 691 798 τοῦ
715 733 853 813 εἰρῆεθαι
877 732 1095 813 ἱππιοχάρμην
1118 736 1175 799 τὸν
1199 736 1346 814 Τρωίλον

173 824 204 888 οἱ
227 823 380 901 νεώτεροι
403 821 462 902 ἐφ’
488 823 589 887 ἵππου
619 823 816 901 διωκόμενον
840 822 941 886 αὐτόν
967 823 1127 902 ἐποίηεαν.
1160 827 1211 888 καὶ
1234 825 1264 888 οἱ
1288 827 1346 903 μὲν

172 917 272 977 παῖδα
296 913 395 976 αὐτὸν
420 911 636 990 ὑποτίθενται,
658 911 800 990 Ὅμηροε
827 912 863 975 δὲ
887 911 940 975 διὰ
967 916 1026 975 τοῦ
1049 913 1197 976 ἐπιθέτου
1220 915 1345 979 τέλειον

172 1000 274 1090 ἄνδρα
297 1000 459 1080 ἐμφαίνει·
482 1000 605 1079 οὐγὰρ
629 999 727 1065 ἄλλο(
751 1000 933 1080 ἱππόμαχοι
957 1002 1091 1077 λέγεται.
1232 1015 1237 1024 ’

306 1095 396 1155 schol.
426 1089 452 1154 Ω
479 1096 543 1153 496
568 1093 596 1150 V
619 1090 756 1156 πιθανόν
779 1089 853 1169 μίαν
881 1094 985 1154 τεκεῖν
1013 1090 1250 1154 ἐννεακαίδεκα·
1284 1093 1344 1171 οὐχ

304 1179 348 1242 ihc
366 1179 561 1258 Βακχυλίδης
577 1180 778 1257 πεντήκοντα
792 1184 847 1258 τῆ(
862 1180 1005 1243 Θεανοῦε
1020 1179 1204 1258 ὑπογράφει
1218 1185 1344 1246 παῖδαε.

305 1272 395 1332 schol.
424 1267 451 1332 Ω
480 1273 542 1332 735
567 1271 595 1328 V
631 1268 662 1331 oi
695 1269 729 1330 δὲ
763 1267 915 1346 νεώτεροί
948 1288 1045 1346 φαειν
1075 1267 1175 1333 αὐτὸν
1207 1269 1344 1350 οἰκιετήν

305 1357 438 1435 ὕετερον
460 1360 647 1435 γεγενῆεθαι
671 1356 786 1434 Τροία(
809 1358 860 1421 καὶ
884 1355 993 1421 ἄλλων
1016 1356 1155 1421 πόλεων.

167 1453 210 1511 De
226 1450 418 1512 Scamandrio
437 1451 473 1510 cf.
493 1451 591 1509 Strab.
610 1449 685 1508 XIII
703 1470 732 1525 p.
748 1453 820 1509 607.
840 1449 931 1508 ΧΙΠΙ
949 1471 978 1526 p.
995 1453 1059 1510 680
1077 1450 1164 1510 Dion.
1180 1452 1246 1510 Hal.
1266 1453 1281 1510 I
1300 1457 1341 1514 47

168 1539 239 1601 Con.
258 1542 300 1600 46
325 1538 368 1599 St.
388 1540 456 1616 Byr.
479 1560 507 1615 p.
530 1541 601 1615 119,
621 1541 650 1598 4.
677 1541 748 1615 132,
775 1541 814 1598 12
840 1539 929 1599 schol.
954 1539 1024 1599 Eur.
1050 1539 1142 1600 Andr.
1168 1543 1239 1600 224.
1277 1541 1343 1601 Hae

164 1630 285 1690 fabulae
309 1632 378 1688 sunt
403 1628 668 1706 logographorum3
701 1627 895 1688 Aristarchus
919 1627 1022 1688 Iliadis
1050 1647 1161 1704 parvae
1190 1633 1343 1690 auctorem

166 1722 197 1778 ct
219 1721 334 1777 ceteros
357 1720 463 1793 poetas
481 1717 653 1794 castigavit:
677 1717 714 1776 cf.
734 1717 892 1776 Aristonic.
917 1716 956 1776 ad
979 1712 1005 1777 Ω
1032 1720 1093 1776 735
1119 1713 1168 1777 ότι
1192 1715 1342 1780 ἐντεῦθεν

166 1804 348 1880 κινηθέντες
371 1801 402 1865 ol
426 1801 498 1880 μεθ’
515 1802 660 1880 Ὅμηρον
679 1803 807 1881 ποιηταὶ
826 1801 1021 1881 ῥιπτόμενον
1039 1802 1120 1866 κατὰ
1138 1807 1197 1867 τοῦ
1214 1803 1343 1882 τείχουε

167 1891 231 1956 ὑπό
250 1894 317 1954 τῶν
336 1891 499 1970 Ἑλλήνων
519 1890 675 1967 εἰεὰγουει
698 1891 756 1954 τόν
782 1889 996 1956 Ἀετυόινακτα
1015 1898 1046 1954 ot
1066 1895 1152 1956 Paus.
1169 1896 1195 1953 X
1212 1898 1262 1973 25,
1284 1889 1342 1979 9.¹)

256 1985 390 2061 Denique
417 1983 592 2042 adferantur
615 1985 727 2044 scholia
750 1984 809 2043 duo
833 1984 869 2044 do
888 1984 988 2043 Aiacis
1008 1985 1174 2043 Telamonii
1197 1979 1342 2065 ἀτρωείᾳ,

167 2092 295 2150 quonam
317 2077 352 2133 ut
375 2074 504 2132 altarum
527 2074 642 2132 clarum
665 2078 695 2133 et
717 2075 869 2152 integrum
893 2078 951 2134 cst:

301 2163 392 2222 schol.
412 2159 439 2222 Ξ
459 2165 524 2226 404
542 2162 571 2218 V
589 2159 711 2235 τρωτόε
731 2160 766 2220 δέ
790 2158 809 2222 δ
833 2158 909 2224 Αίαε
932 2157 1013 2222 όλον
1035 2159 1073 2223 τὸ
1098 2161 1194 2238 τῶμα,
1218 2165 1278 2239 οὐχ
1297 2159 1341 2224 dre

301 2246 454 2324 Αἰεχιίλοε
481 2247 520 2310 τὰ
549 2246 621 2324 περὶ
650 2247 708 2324 τὴν
736 2246 908 2327 μαεχάλην.
954 2249 1054 2326 δῆλον
1082 2249 1118 2312 δέ
1146 2248 1197 2311 καὶ
1225 2249 1260 2312 ἐκ
1282 2253 1341 2313 τοῦ

302 2336 355 2400 ἐπὶ
382 2331 562 2418 Πατρόκλῳ
591 2333 731 2412 ἀγῶνοε·
759 2340 1023 2415 μονομαχοῦντα(
1052 2337 1113 2417 γὰρ
1137 2336 1237 2401 αὐτοῦ
1260 2340 1341 2416 πρὸ(

303 2425 471 2504 Διομήδην
494 2423 585 2503 φηεί·

343 2533 394 2595 καὶ
412 2531 486 2596 τότε
506 2534 545 2611 δή
568 2530 601 2611 ῥ’
615 2530 724 2597 Αἴαντι
743 2533 998 2612 περιδδείεαντεε
1019 2531 1138 2611 Ἀχαιοί
1159 2533 1201 2612 [Ψ
1216 2535 1293 2613 822]

299 2637 343 2702 ῶε
367 2640 536 2721 δυναμένῳ
559 2639 610 2702 καὶ
633 2644 802 2718 τρωθῆναι.
847 2644 944 2703 τοθτο
970 2640 1005 2702 δὲ
1029 2639 1203 2704 ὑπονοοθει
1227 2639 1341 2705 διὰτὸ

300 2729 459 2805 μηδέποτε
482 2725 563 2805 παρ’
585 2726 713 2810 Ὁμήρῳ
736 2732 908 2806 τετρῶεθαι
932 2727 1041 2792 αὐτόν.

168 2834 381 2844 *—

241 2865 261 2932 ¹)
280 2864 530 2935 Logographorum
552 2867 755 2934 poetarumque
779 2865 893 2920 fabulae
912 2867 987 2920 inter
1006 2882 1035 2920 se
1054 2867 1234 2936 opponuntur
1252 2867 1339 2921 schol.

167 2935 232 2990 Eur.
256 2935 343 2990 Andr.
365 2943 398 2990 10
420 2935 466 3006 [cf.
485 2936 736 2991 Wilamovvitzium
759 2936 816 2990 ind.
841 2937 928 2993 schol.
954 2954 1020 2994 sem.
1040 2936 1097 2994 hib.
1117 2935 1220 3007 Gryph.
1242 2944 1338 3012 marsa

170 3008 205 3061 de
229 3006 317 3062 Rhesi
341 3003 439 3063 scholl.
459 3026 486 3076 p.
511 3009 554 3078 tl:
578 3009 729 3075 Λυείμαχοε
753 3010 899 3078 [Λυεανίαε
923 3009 996 3078 eod]
1020 3016 1168 3076 κατήγορει
1191 3010 1338 3079 Εὐριπίδου

168 3085 260 3134 κακῶ(
278 3081 368 3146 λέγων
387 3081 475 3134 αὐτόν
494 3081 666 3147 ἐξειληφέναι
685 3081 719 3134 τὸ
737 3083 808 3148 παρ’
828 3083 939 3151 Ὁμήρῳ
958 3083 1054 3147 λεχθέν

689 3172 706 3236 ή
726 3187 767 3223 τιε
788 3171 905 3236 Ἀχαιῶν

426 3240 500 3308 δίψει
519 3242 609 3308 χειρὸε
628 3241 698 3294 ἑλῶν
718 3241 772 3294 ἀπὸ
791 3243 900 3308 πύργου
921 3243 955 3310 [Ω
976 3241 1091 3310 734οη,]

164 3331 203 3384 dre
228 3329 340 3384 πάντωε
364 3330 528 3396 γενόμενον·
557 3331 621 3383 ἀλλ’
644 3329 821 3395 εἰκαζόμενόν
848 3330 920 3383 ἐετιν
948 3331 999 3383 ὑπ’
1027 3332 1114 3397 αὐτῆ(
1140 3331 1189 3384 ιίιεγ
1209 3330 1233 3384 εἰ
1261 3332 1338 3395 ἔλεγε

163 3402 414 3468 κατακαυθήεεεθαι
422 3402 473 3455 τὸν
480 3403 565 3454 παῖδα
579 3403 597 3466 ἤ
611 3418 638 3454 τι
652 3402 727 3454 ἄλλο.
755 3401 866 3454 Ξάνθον
881 3402 911 3454 δέ
925 3401 975 3454 τὸν
989 3403 1025 3454 τὰ
1039 3402 1161 3455 Λυδιακὰ
1180 3401 1337 3474 ε<υγγρά>-

162 3473 256 3538 ψαντά
279 3488 361 3539 φαειν
380 3488 422 3526 a*
441 3473 484 3526 ὅτι
503 3470 693 3542 Εὐριπίδ<ην>
716 3471 859 3596 Ξάῳν>θῳ
882 3473 1025 3539 προεέχειν
1043 3475 1105 3540 περί
1123 3478 1182 3526 τῶν
1201 3475 1336 3540 Τρωικῶν

163 3541 349 3613 <ἀπίθαν>ον,
367 3549 426 3597 τοῑε
440 3544 471 3597 δέ
484 3545 698 3612 χρηειμωτέροιε
711 3542 767 3614 <πε
778 3545 891 3614 θε>εθοι
906 3546 951 3596 καί
964 3545 1148 3610 πιετοτέροιε·
1168 3544 1335 3611 (τηείχορον

164 3615 213 3679 μὲν
232 3615 286 3680 γὰρ
304 3614 420 3680 ίετορεῑν
443 3616 486 3668 ότι
509 3617 639 3683 τεθνήκοι
657 3617 702 3668 καί
720 3617 770 3668 τόν
789 3618 842 3682 τήν
860 3614 981 3682 Περείδα
1000 3615 1187 3681 ευντεταχότα
1205 3617 1334 3668 κυκλικόν

162 3687 282 3752 ποιητήν
311 3685 353 3738 δτι
385 3688 430 3739 καί
458 3686 513 3739 ἀπὸ
540 3691 591 3740 τοθ
619 3685 728 3752 τείχουε
754 3685 873 3753 ῥιφθείη.
916 3685 1059 3738 Lacunam
1085 3686 1151 3754 post
1179 3702 1261 3753 φαειν
1293 3683 1336 3737 ita

163 3753 398 3809 Wilamowitzius
426 3756 537 3826 explere
561 3758 678 3811 conatus
702 3759 757 3810 est:
785 3762 901 3825 πρῶτον
925 3757 1062 3824 εἰρηκέναι
1080 3759 1116 3811 τὰ
1140 3761 1257 3810 τοιαῦτα
1274 3759 1339 3822 περὶ

165 3827 374 3881 Ἀετυόινακτοε·
389 3829 459 3896 πρὸ(
472 3829 487 3881 ὃ
502 3830 615 3882 λεκτέον
628 3859 658 3867 -
671 3828 796 3881 extrema
809 3827 930 3892 bauain
942 3825 1042 3880 ceteris
1058 3825 1172 3883 erravit.
1190 3825 1339 3881 Traditum

163 3896 239 3951 enim
271 3898 314 3952 est
349 3897 384 3951 ab
413 3898 586 3967 Apollodoro
610 3897 777 3952 Atheniensi
803 3899 880 3967 quod
904 3897 1045 3966 Lydorum
1076 3897 1270 3968 logographus
1302 3897 1338 3952 de

163 3967 335 4038 Astyanacte
355 3969 401 4023 vel
416 3969 598 4023 Scamandrio
616 3969 662 4040 [cf.
677 3972 701 4024 Ζ
715 3972 779 4041 402]
796 3969 973 4024 narraverat:
993 3971 1027 4026 ci.
1044 3969 1134 4024 Strab.
1151 3970 1229 4024 XIIII
1242 3988 1268 4039 p.
1284 3975 1337 4024 680

162 4042 178 4094 ό
197 4043 247 4107 μὲν
265 4042 319 4108 γὰρ
336 4041 444 4096 Ξάνθοε
462 4044 478 4094 δ
496 4042 586 4095 Λυδὸε
604 4043 672 4107 μετὰ
690 4043 726 4097 τὰ
744 4044 855 4109 Τρωικά
873 4059 957 4109 φηειν
975 4043 1063 4097 ἐλθεῖν
1082 4045 1149 4098 voh(
1168 4044 1280 4110 Φρύγα(
1306 4043 1337 4096 ἐκ

162 4117 212 4179 τήε
230 4113 365 4180 Εὐρῶπηε
383 4115 427 4167 καὶ
445 4118 504 4166 τῶν
523 4114 673 4180 ἀριετερῶν
691 4119 742 4166 τοῦ
761 4114 888 4167 Πόντου·
909 4114 1024 4178 ἀγαγεῖν
1044 4115 1073 4167 δ’
1092 4115 1195 4168 αὐτοὺ(
1213 4113 1335 4179 (καμάν-
1420 4161 1426 4172 ,

162 4185 240 4251 δριον
250 4184 280 4236 ἐκ
295 4184 472 4251 Βερεκόντων
483 4187 527 4236 καλ
539 4183 686 4237 Ἀεκονίαε.
724 4183 804 4248 Quod
819 4183 908 4252 igitur
917 4183 967 4238 ille
978 4183 1049 4238 uixit
1057 4183 1187 4238 Hectoris
1198 4183 1287 4236 filium
1301 4201 1335 4237 ox

161 4252 238 4308 bello
266 4253 446 4322 superstitem
478 4253 577 4321 fuisse,
607 4253 712 4322 optimc
745 4253 776 4308 in
804 4254 933 4309 scholion
960 4255 1093 4324 quadrat:
1122 4254 1335 4323 vituperabatur

162 4322 310 4393 Euripides
333 4325 408 4394 quod
432 4342 466 4379 ex
488 4341 570 4380 versu
589 4325 738 4380 Homerico
761 4343 868 4381 meram
890 4326 1015 4381 fabulam
1039 4326 1112 4380 falso
1132 4325 1334 4397 desumpsisset

162 4411 253 4464 neque
278 4396 381 4450 bonum
404 4400 434 4453 et
466 4397 590 4452 anticum
615 4397 780 4468 scriptoram
812 4397 842 4452 in
865 4397 948 4453 robus
972 4396 1100 4452 Troianis
1119 4398 1231 4452 secutus
1251 4400 1333 4453 esset.
