3086 5124
232 227 299 292 454
660 226 806 283 Ειίιιοτιίιιο
826 227 980 283 Schwartz:

232 393 290 458 τὸν
327 389 428 471 ὅρμον
464 394 605 471 λαβοῦεα
628 390 750 456 τειίεειν
765 390 1002 471 μένὼμολόγη-
1031 413 1080 470 ρα.
1117 396 1219 458 ταῦτα
1242 396 1278 457 δέ
1302 394 1410 462 πάντα

177 551 181 558 ,
232 481 336 546 ἔπειεε
391 481 449 545 τὸν
504 478 605 558 ἄνδρα
629 479 1003 557 εεν,ἐντολὰεδὲέδωκεν
1032 485 1142 560 δρᾶται
1184 484 1311 560 λέγεται
1347 487 1409 550 τὸν

233 570 423 649 ετρατεύειν.
474 567 604 648 Ἀμφιὰ-
629 567 815 646 Ἀλκμαίωνι
825 574 871 653 τῷ
882 569 940 654 υἱῷ
951 591 1002 648 με·
1031 568 1231 650 Ἀλκμαίωνα
1268 574 1318 638 καὶ
1355 575 1411 639 διὰ

233 679 312 738 ραοε
322 660 357 722 δὲ
368 657 510 737 ἀνάγκην
520 656 605 735 έχων
629 658 668 721 τὰ
686 660 745 736 τὴν
763 657 880 722 ἑαυτοῦ
895 662 1003 724 τελευ-
1032 662 1091 738 τὴν
1105 661 1336 740 μητροκτονίαν
1350 684 1409 743 μα-

232 748 604 827 ετρατειίεεθαιτοῖεπαι-
628 749 687 825 τὴν
705 745 834 811 ἀνελεῖν
852 749 911 826 τὴν
925 746 1002 826 Ἐρι-
1031 753 1132 827 νῆναι.
1162 751 1239 813 τούε
1258 752 1294 814 δὲ
1314 754 1409 816 θεοὺς

232 838 280 901 ελν
325 836 460 901 ἐντολὰε
505 835 604 900 ἔδωκε
628 836 743 914 φύλην.
765 834 860 899 orirer
875 836 1002 914 μὲνοῦν
1031 835 1187 902 ἀπολῦεαι
1219 843 1276 916 τῆ(
1311 840 1409 916 νότου

231 928 424 991 τελειωβεῑει
433 927 491 1004 τήν
500 945 535 988 τε
550 945 604 1003 μη·
628 923 760 1002 ὕετερον
776 924 856 988 κατὰ
869 925 926 988 τὰε
944 929 1004 990 τοῦ
1025 925 1132 990 αὐτὸν
1164 927 1216 990 διὰ
1248 929 1286 991 τὸ
1315 929 1410 994 ὁτίωε
1535 1003 1538 1018 ι

231 1016 309 1093 τέρα
331 1014 465 1079 κτείνειν
483 1014 535 1077 καὶ
553 1014 605 1077 ἐπὶ
628 1012 1002 1092 πατρόεέντολὰεάνεῑλε
1031 1015 1237 1093 ἐπαμύνοντα
1251 1021 1298 1101 τῷ
1313 1019 1410 1097 πατρὶ

232 1104 339 1184 θήβαε
363 1103 553 1182 ετρατειίειν.
628 1104 686 1179 τὴν
719 1103 838 1180 μητέρα
868 1104 919 1166 καλ
952 1103 1003 1166 διὰ
1031 1105 1089 1182 τὴν
1108 1106 1227 1184 μητέρα
1244 1112 1409 1172 κατακτεῖ-

627 1193 687 1269 τὴν
697 1191 871 1270 ευνείδηειν
881 1196 939 1255 τοῦ
950 1192 1002 1270 μιί-
1031 1212 1091 1256 ναι.
1127 1194 1147 1272 ἡ
1176 1192 1296 1273 ίετορία
1320 1196 1410 1274 παρὰ

628 1299 702 1344 cour
723 1279 767 1344 εἰ(
786 1279 901 1357 μανίαν
915 1300 1003 1358 περι-
1031 1279 1250 1365 Ἀεκληπιάδῃ.

629 1370 709 1447 έετη.

319 1462 368 1520 Ad
390 1462 518 1540 primum
542 1461 636 1538 igitur
658 1465 727 1520 ante
744 1460 811 1520 Ohr.
829 1481 858 1522 n.
874 1463 1033 1539 saeculum,
1056 1482 1115 1539 quo
1138 1467 1273 1541 tempere
1296 1484 1410 1526 novum

231 1555 321 1629 atque
336 1552 514 1612 acerrimum
533 1549 666 1610 studium
683 1550 830 1627 imprimis
849 1551 929 1628 apud
942 1552 1092 1611 Romanos
1108 1549 1291 1613 Graecorum
1308 1554 1407 1630 poetis

230 1641 433 1717 historiaeque
451 1641 586 1717 poetieae
605 1641 709 1699 navari
728 1639 833 1716 eoepit,
849 1641 907 1699 erit
921 1640 1158 1702 adsuendendum
1177 1641 1288 1719 siquis
1308 1662 1344 1702 er
1363 1644 1407 1703 eis

231 1749 308 1807 quae
337 1733 497 1806 supersunt
519 1728 634 1789 leoiniis
658 1728 833 1804 compendia
860 1729 1069 1806 antiquissima
1091 1732 1123 1790 et
1148 1730 1292 1807 primarie
1318 1733 1407 1794 resti·

231 1820 342 1880 tuenda
362 1819 419 1880 sibi
435 1819 633 1895 proposuerit.
670 1817 837 1879 Haeevero
852 1819 1016 1879 cavendum
1030 1822 1128 1878 estne
1150 1823 1273 1896 propter
1298 1821 1408 1880 disere·

229 1908 402 1985 puntiarum
429 1907 653 1967 multitudinem
679 1907 768 1966 nimis
796 1909 892 1970 multa
920 1927 953 1968 ae
981 1907 1099 1968 diversa
1125 1907 1219 1968 fuisse
1244 1912 1405 1971 statuatur.

229 1997 329 2057 Vnum
347 2015 513 2075 proponam
534 1996 709 2071 exemplum.
747 1995 844 2055 Schol.
858 1997 915 2072 Ap.
928 1997 1002 2074 Arg.
1016 1998 1032 2057 I
1047 1999 1109 2058 752
1135 1995 1278 2057 Oenomai
1299 1997 1406 2060 fabula

230 2087 274 2148 ite
312 2086 451 2146 continuo
488 2089 646 2145 enarratur
681 2087 717 2143 ut
753 2103 789 2143 ex
821 2086 995 2161 compendio
1028 2105 1094 2144 eam
1126 2086 1304 2163 descriptam
1338 2105 1405 2146 esse

231 2176 371 2236 oonioies:
392 2179 426 2236 ut
443 2175 509 2234 fieri
523 2175 607 2247 solet,
624 2173 744 2234 insertis
759 2174 881 2234 Pindari
896 2175 1133 2252 Pherecydisque
1147 2175 1283 2234 frustulis
1301 2175 1405 2252 aliqua

230 2264 382 2324 doetrinae
408 2265 521 2341 speeies
543 2263 698 2341 proposita
722 2267 775 2324 est.
822 2263 906 2322 Idem
927 2263 1070 2324 iudicium
1093 2264 1130 2323 de
1153 2265 1244 2324 sehol.
1262 2263 1334 2324 Eur.
1352 2263 1408 2326 Or.

231 2354 326 2414 9900
345 2354 502 2414 ferendum
516 2357 569 2428 est,
588 2357 679 2430 etque
692 2371 730 2411 ne
741 2353 789 2412 hio
799 2352 919 2428 quidem
929 2353 1080 2413 doetrinae
1090 2353 1219 2430 vestigia
1234 2353 1405 2414 desideran-

229 2446 293 2504 tur:
321 2445 359 2505 ef.
382 2488 388 2503 .
409 2488 415 2503 .
436 2438 541 2503 καθὼε
564 2437 594 2502 οἱ
617 2436 830 2517 ἀκριβέετεροι
851 2440 919 2502 τῶν
941 2437 1198 2518 ἱετοριογράφων
1225 2436 1406 2517 γράφουειν

229 2536 260 2591 et
282 2529 462 2608 διαβληθεὶς
476 2577 483 2591 .
498 2576 505 2591 .
523 2528 571 2606 h,
595 2525 640 2590 ιλιι
658 2525 689 2590 οἱ
712 2525 829 2590 πολλοί
848 2547 933 2606 φατι,
956 2526 1116 2606 πειράζων
1135 2525 1243 2606 αὐτήν,
1262 2549 1320 2607 quo
1339 2532 1406 2592 loeo

229 2621 285 2680 sub
318 2617 348 2680 ολ
381 2615 498 2681 πολλοί
529 2618 733 2695 Pherecydem
764 2620 860 2680 latere
897 2620 1074 2694 documento
1111 2623 1158 2680 est
1190 2619 1281 2679 sohel.
1314 2619 1405 2697 Soph.

228 2709 276 2770 El.
299 2712 373 2771 504.
419 2709 484 2767 Iam
507 2709 533 2768 si
555 2709 630 2768 haee
651 2709 825 2769 contulerisr
881 2750 887 2759 ·

357 2797 448 2858 sohel.
471 2795 527 2874 Ap.
550 2797 566 2855 I
590 2799 653 2858 752
932 2799 1023 2859 sohel.
1047 2798 1118 2858 Eur.
1143 2795 1193 2858 Or.
1218 2795 1314 2858 9900

273 2933 323 2949 ...
343 2884 510 2962 προέκειτο
529 2884 566 2947 δὲ
583 2881 692 2946 αὐτοῖε
708 2879 787 2945 Κλά·
886 2934 892 2948 .
909 2932 938 2949 ..
957 2883 1037 2961 αὕτη
1056 2883 1114 2948 τὸν
1131 2883 1269 2948 Πέλοπα
1293 2881 1404 2947 ίδοῡεα

228 2976 310 3038 δεωε
324 2972 468 3051 ποταμόε
482 2970 654 3050 ἀφετηρία,
677 2969 789 3046 Ἰεθμοῑ
841 2969 963 3050 ιὶιραῑον
978 2972 1057 3051 μετὰ
1071 2973 1130 3052 τήν
1139 2971 1235 3051 τῶν]ι
1246 2968 1403 3056 δώδεκαί)

228 3063 264 3125 δὲ
283 3062 321 3126 τὸ
339 3063 446 3140 τέρμα.
483 3062 533 3124 καὶ
555 3059 684 3125 ἀνεῖλεν
702 3063 788 3137 τρεῑε
842 3060 989 3140 νυμφίων
1003 3059 1162 3139 ἀναίρεον
1176 3059 1270 3138 ἔρωτι
1284 3060 1400 3125 τούτου

227 3151 279 3216 καί
303 3152 379 3215 δέκα
401 3154 586 3229 μνηετῆραε,
609 3147 654 3212 ihc
668 3147 788 3213 Πίνδα-
842 3149 1018 3228 κατείχετο
1042 3152 1060 3228 ἢ
1081 3153 1127 3233 τῷ
1148 3148 1301 3256 Μυρτίλῳ
1326 3149 1402 3230 φηελ

228 3259 285 3318 poc
306 3236 461 3323 tcrooetff)
497 3237 650 3304 έλθόντοε
673 3239 708 3301 δὲ
729 3241 788 3302 τοῦ
841 3243 1027 3317 ωνεργῆεαι
1054 3241 1100 3321 τῷ
1128 3237 1241 3321 νεανίᾳ
1271 3237 1316 3303 εἰ(
1344 3240 1402 3317 τὴν

227 3329 380 3394 Πέλοποε
394 3329 493 3394 ἐπὶ
461 3349 519 3394 τον
533 3325 699 3393 ἆθλον...
715 3327 787 3405 ἐ-ρα
840 3327 920 3392 κατὰ
945 3330 1005 3391 τοῦ
1033 3327 1154 3405 πατρὸς
1183 3325 1281 3406 νίκην
1319 3325 1338 3389 δ
1365 3328 1401 3390 δὲ

228 3421 333 3483 εθειεα
368 3418 388 3497 ἡ
424 3416 628 3496 Ἱπποδάμεια
664 3377 788 3480 ἔπειτεν
840 3420 910 3481 rut<
933 3414 1074 3494 χοινικίει
1093 3418 1159 3480 τῶν
1177 3418 1305 3495 τροχῶν
1325 3416 1401 3480 rede

229 3506 393 3586 Μυρτίλον
416 3503 720 3585 ...παραεκευάεαι
744 3503 788 3567 ωε
840 3506 938 3584 ἥλουε
961 3506 1064 3584 μὴμ
1025 3505 1041 3570 ἐ
1043 3505 1175 3584 μβαλὼν
1194 3503 1322 3584 ἐποίηεε
1341 3505 1400 3570 τὸν

227 3595 449 3674 καταπροχίεαι
463 3597 521 3660 τὸν
535 3596 660 3672 πατέρα
675 3596 787 3673 βουλο-
841 3591 1003 3672 Οἰνόμαον
1026 3594 1063 3659 ἐν
1090 3597 1136 3678 τῷ
1160 3595 1285 3672 τρέχειν
1307 3593 1401 3673 ἡττη-

227 3686 305 3763 μένη
315 3686 441 3750 Πέλοπι
453 3687 608 3765 γήματθαι
621 3681 787 3748 εκευάεαν-
841 3688 934 3762 θῆναι
957 3683 1007 3747 καὶ
1030 3681 1234 3762 ἀναιρεθῆναι
1255 3681 1319 3745 ὑπὸ
1341 3685 1400 3745 τοῦ

226 3795 267 3838 τα
294 3775 353 3841 τὸν
379 3773 561 3855 έμβολονέ
564 3796 583 3839 κ
609 3774 707 3851 κηροῦ
733 3771 788 3836 ἵνα
841 3768 1313 3856 praemonstratense
1327 3789 1400 3848 τρο-

227 3863 263 3927 έν
285 3868 332 3948 τῷ
350 3863 459 3947 δρόμῳ
478 3863 669 3929 θλαεθέντοε
688 3860 788 3925 αὐτοῦ
841 3864 922 3939 χῶν·
937 3861 1045 3925 ἐδίδου
1059 3856 1319 3939 γὰρδΟἰνόμαοε
1333 3861 1401 3922 τοῖς
1527 3925 1533 3952 ⁴

227 3955 352 4031 νικήεαε
366 3953 484 4031 Πέλοψ
499 3952 579 4036 λάβῃ
592 3951 692 4028 αυτὴν
707 3950 788 4028 πρὸ(
841 3954 1007 4029 μνηετῆρει
1025 3952 1084 4029 τὴν
1105 3944 1329 4023 Ἱπποδάμειαν
1347 3945 1401 4010 ἐπὶ

226 4039 338 4120 γάμον.
358 4041 588 4120 Φερεκύδηεδὲ
598 4039 678 4105 ἐν
659 4039 788 4120 ηφηιὶν
841 4058 906 4103 των
921 4038 1047 4104 οἰκείων
1061 4037 1147 4116 ἔχειν
1166 4032 1316 4112 ἁρμάτων
1336 4034 1401 4100 θεὶς

227 4127 276 4194 ὅτι
304 4129 363 4194 οὐκ
389 4131 539 4210 ἐνέθηκεν
562 4130 598 4196 ἐν
626 4134 673 4215 τῷ
698 4125 865 4194 ἄξονιπ
841 4129 942 4206 ρπέαε
971 4129 1047 4210 [eod.
1079 4147 1103 4189 π
1104 4122 1192 4205 έλαε]
1230 4126 1289 4188 τοῦ
1326 4122 1400 4204 δρό-

301 4269 381 4340 ¹.)cf
401 4268 444 4323 Ol
464 4269 571 4323 1810.
592 4267 689 4324 seholl.
716 4269 812 4337 Ipsum
829 4266 983 4321 Pindarum
1000 4264 1094 4349 legit
1090 4261 1279 4318 Philostratus
1301 4261 1398 4334 [imag

227 4341 314 4412 117}
347 4341 495 4396 Praeterea
513 4339 547 4394 ef.
566 4340 647 4395 Paua
663 4340 701 4395 Vi
715 4346 812 4395 21.-
834 4338 1013 4410 ²)Numerus
1027 4333 1065 4400 ιγ’
1085 4333 1139 4389 inu
1131 4328 1168 4400 ιβ
1184 4335 1330 4403 corruptus
1349 4335 1400 4388 est.

226 4412 362 4483 -³)cf.
386 4411 466 4466 Pind.
488 4410 530 4466 Ol.
551 4412 616 4468 192
641 4429 664 4466 ο.
688 4410 774 4466 sehol
798 4409 862 4464 Eur.
884 4409 928 4463 ΙΤ
947 4414 1006 4464 825.
1039 4405 1144 4477 Hygin
1168 4405 1225 4461 fab.
1246 4404 1399 4460 OOXXXV.
