3086 5124
240 263 282 318 De
302 261 417 320 acholiie
435 262 591 320 Homericis
609 265 646 318 ad
663 264 811 320 historiam
828 264 985 320 fabularem
1002 266 1215 335 pertinentibus.
1248 265 1314 330 453

24 455 30 464 ·
133 453 214 494 eum.
256 433 316 494 Sed
338 453 376 493 ne
399 433 462 492 ulla
483 436 579 493 restet
597 433 753 508 dubitatio,
777 434 878 494 adfero
898 435 1074 512 Amphiarai
1092 435 1313 512 Eriphylaeque

135 523 272 582 ¹fabulam
296 526 327 583 et
349 523 380 582 in
402 522 584 582 bibliotheca
607 528 637 583 et
665 523 775 582 acholio
803 523 961 583 Homerico
985 528 1016 584 et
1043 525 1124 602 apud
1149 523 1313 584 Diodorum

140 612 291 672 simillime
315 615 497 672 enarratam:
980 625 982 628 ·

207 719 279 779 bibl.
302 719 349 779 HI
374 721 401 795 6,
426 722 444 777 2
558 719 679 779 Diodor.
703 719 765 778 ΠΙΙ
791 723 841 796 65,
866 721 884 778 5
1013 721 1103 780 eohol.
1127 721 1145 781 λ
1171 724 1234 782 326

163 802 358 883 Ἀμφιάραος
373 805 408 866 δέ
426 801 445 866 δ
460 802 512 868 Oi·
558 807 634 869 τοὺς
658 805 693 868 δὲ
712 805 784 883 περὶ
803 806 911 869 Πολυ-
958 803 1154 885 Ἀμφιάραος
1170 804 1189 869 ὁ
1205 806 1313 871 Οἰκλέ-

141 894 253 957 κλέους
272 891 382 971 μάντις
397 892 444 955 ὢν
462 892 513 955 καὶ
537 893 644 971 νείκην
709 894 912 972 ἑπιβαλέςθαι
937 915 993 958 ους
1017 897 1119 975 γήμας
1142 894 1314 975 Ἐριφύλην

141 982 298 1060 προειδὼς
309 979 358 1045 ὅτι
369 985 419 1045 δεῖ
433 980 513 1045 niv*
536 981 658 1046 πείθειν
714 981 912 1061 Ἀμφιάραον
936 985 994 1061 τὴν
1004 984 1134 1048 Ταλαοῦ
1147 985 1198 1048 καὶ
1212 988 1312 1048 διενε-

139 1090 196 1134 τας
223 1072 300 1135 τοὺς
326 1089 513 1148 ςτρατευςα-
537 1072 594 1135 τὸν
631 1070 743 1149 μάντιν
783 1090 911 1148 ςυςτρα-
937 1072 1111 1151 χθεὶςύπέρ
1123 1093 1221 1137 τινων
1231 1073 1312 1151 πρὸς

141 1160 256 1238 μένους
284 1159 380 1237 χωρίς
403 1157 513 1238 Ἀδρά-
537 1160 641 1224 τεύειν
661 1159 770 1223 αὐτοῖς
788 1161 840 1224 ἐπὶ
856 1160 912 1222 τὰς
937 1160 1126 1240 Ἀδραςτον
1141 1161 1191 1225 καί
1215 1159 1312 1226 πάλιν

140 1247 514 1326 ςτουτελευτῆςαι,αύτός
538 1250 658 1328 Θήβας·
687 1253 745 1313 τοά
774 1250 809 1312 δὲ
833 1269 912 1326 προ·
938 1251 1096 1316 διαλυθεὶς
1116 1249 1312 1330 ὁρκούμενος

140 1357 176 1401 τε
188 1335 283 1401 ὤκνει
294 1337 514 1414 ςτρατεύεςθαι
538 1339 750 1415 γινώςκοντος
769 1337 814 1401 ὡς
832 1336 912 1401 ἀπο·
937 1338 1143 1418 ὡμολόγηςεν
1165 1339 1246 1418 ὑπὲρ
1265 1336 1313 1405 ὼν
1344 1355 1348 1362 ’

140 1426 285 1491 καὶτοὺς
306 1428 439 1489 λοιποὺς
456 1424 512 1488 άπ-
538 1430 640 1491 λεῑται
686 1425 913 1505 ςυςτρατεύςας
937 1427 977 1492 ἂν
996 1430 1212 1507 διαφέρωνται
1232 1429 1314 1507 πρὸς

141 1513 514 1593 έτρεπε,Πολυνεῖκηςδέ
538 1515 656 1593 αὐτοῖς,
675 1517 726 1580 καὶ
746 1515 798 1579 διὰ
815 1519 912 1579 τοῦτο
937 1515 1097 1597 ἀλλήλους
1108 1517 1205 1581 αὐτός
1215 1538 1249 1581 τε
1263 1518 1313 1583 καί

140 1601 515 1684 άφικόμενοςτρὸςἺφιν
538 1606 578 1683 μὴ
594 1603 912 1684 ςυγχωροῡντοςΠο-
937 1604 1118 1684 Ἀδραςτος,
1129 1607 1313 1688 ἐπιτρέψειν

140 1692 198 1756 τὸν
221 1691 407 1770 Ἀλέκτορος
426 1691 514 1768 ἠξίου
539 1693 914 1773 λυνείκηνφαςὶτόνχρυ-
936 1693 1108 1773 Ἐριφύλην
1127 1695 1245 1774 κρίνειν
1262 1696 1313 1759 καῖ

142 1785 254 1860 μαθεῖν
282 1783 352 1843 πῶς
381 1779 421 1843 ἂν
445 1779 514 1858 Ἀμ-
538 1787 615 1846 ςοῦν
626 1781 736 1861 ὅρμον,
747 1783 786 1846 ὃν
796 1780 912 1862 Ἀφρο-
937 1783 1094 1849 πείςεςθαι
1119 1783 1206 1868 αὐτῇ.
1235 1784 1313 1863 μετὰ

142 1868 282 1948 φιάραος
305 1867 515 1947 άναγκαςθείη
539 1871 627 1949 δίτην
682 1874 913 1949 μυθολογοῖιςιν
938 1873 973 1936 δὲ
1006 1876 1107 1936 ταῦτα
1143 1874 1313 1951 γινομένης
1341 1877 1344 1884 ’

142 1957 375 2036 ςτρατεύεςθαι·
418 1958 437 2021 δ
480 1959 515 2022 δὲ
538 1960 687 2043 Ἁρμονίᾳ
707 1961 912 2039 δωρήςαςθαι,
936 1966 992 2040 τῆς
1016 1962 1069 2026 ἐπὶ
1091 1963 1197 2042 θήβας
1221 1981 1311 2040 ςτρα-

144 2046 234 2112 εἶπεν
267 2047 295 2112 εἰ
329 2045 421 2127 λάβοι
457 2048 515 2112 τὸν
539 2053 651 2114 δοῦναι
670 2054 708 2129 τῆ
727 2050 851 2125 γυναικὶ
874 2054 912 2132 τῇ
936 2049 1313 2130 τείαςὸμὲνἈμφιάραος

139 2135 241 2215 ύρμον
257 2134 419 2216 Ἐριφύλη.
443 2135 513 2216 Ἀμ-
538 2137 745 2217 Ἀμφιαράου,
756 2136 846 2202 ὅπως
855 2138 913 2200 τὸν
937 2138 1098 2218 ἀπέτρεπε
1107 2141 1183 2203 τοὺς
1194 2138 1311 2218 Ἀργεί-

141 2225 279 2304 φιάραος
290 2225 414 2303 μὲνοῦν
424 2224 514 2289 άπεῑ-
539 2225 641 2305 ἄνδρα
652 2227 741 2308 πείςῃ
755 2231 912 2305 ςυμμαχῆ-
937 2249 993 2293 ους
1012 2229 1139 2292 καὶτὸν
1159 2227 1313 2306 ἐςόμενυν

140 2333 202 2378 πεν
238 2312 388 2397 Ἐριφύλῃ
428 2312 515 2392 παρὰ
539 2336 596 2378 ςαι.
630 2313 703 2379 καθ’
722 2316 760 2378 ὃν
780 2316 818 2393 δὴ
839 2314 912 2394 χρό-
937 2315 1074 2395 ὄλεθρον
1083 2317 1314 2395 προεμαντεύε-

141 2402 359 2467 Πολυνείκους
426 2405 514 2481 δῶρα
538 2424 597 2468 νον
616 2401 813 2483 Ἀμφιαράου
832 2403 913 2483 ττρός
936 2426 982 2471 το.
998 2409 1140 2486 λαβούςα
1154 2407 1189 2470 δὲ
1204 2406 1223 2485 ἡ
1238 2405 1313 2485 Ἐρι-

140 2491 326 2570 λαμβάνειν,
357 2491 513 2557 Πολυνεί-
537 2492 714 2572 Ἀδραςτον
733 2492 912 2560 ςταςιάΖον-
937 2497 1024 2574 φύλη
1036 2495 1095 2559 τὸν
1109 2493 1211 2573 ὅρμον
1225 2495 1312 2574 παρὰ

140 2600 195 2658 ιιης
215 2581 250 2643 δὲ
271 2582 348 2644 δοὺς
362 2580 441 2665 αὐτῇ
456 2581 514 2645 τὸν
538 2603 593 2646 τος
604 2583 741 2662 περὶτῆς
758 2582 913 2662 βαςιλείας
937 2589 994 2648 τοῦ
1013 2584 1233 2648 Πολυνείκους
1254 2585 1312 2649 τὸν

140 2665 241 2745 ὅρμον
258 2668 346 2745 ἠξίου
365 2670 424 2733 τὸν
443 2667 513 2746 Ἀμ-
538 2670 913 2750 δμολογίαςθέςθαιπρὸς
937 2677 992 2753 τῆς
1020 2672 1187 2752 Ἁρμονίας
1216 2694 1312 2752 προς-

139 2754 281 2834 φιάραον
300 2761 404 2821 πεῑςαι
424 2777 514 2836 ςτρα-
538 2757 913 2839 ἀλλήλουςκαθάςέπέ-
937 2764 1029 2827 έθετο
1057 2765 1126 2826 τοῖς
1159 2763 1232 2841 περὶ
1254 2763 1312 2827 τὸν

36 2905 41 2914 ,
139 2845 260 2909 τεύειν·
297 2846 337 2924 ἦν
369 2846 430 2925 γὰρ
463 2847 515 2910 ἐπὶ
538 2868 658 2927 τρεπον
701 2853 804 2927 κρῖναι
841 2850 914 2927 περὶ
937 2849 1116 2929 Ἀδραςτον
1168 2854 1311 2931 βιαζομέ-

140 2934 249 3018 ταύτῃ.
269 2935 444 3013 γενομένης
454 2935 515 3013 γὰρ
538 2937 914 3017 τῶνάμφιςβητουμένων
937 2960 1004 3003 νοις
1027 2940 1085 3003 τὸν
1113 2937 1312 3019 Ἀμφιάραον

139 3022 228 3107 αὐτῷ
252 3025 411 3102 διαφοράς
435 3024 516 3102 πρὸς
539 3023 915 3105 Ἐριφύληνγυναῑκαμὲν
936 3050 1009 3089 ιν*
1023 3028 1134 3092 ἰδόντα
1161 3031 1220 3107 τὴν
1245 3032 1312 3093 τῶν

139 3109 513 3191 Ἀδραςτονδιαλυςάμε-
541 3113 638 3178 ούςαν
653 3113 859 3194 Ἀμφιαράου,
880 3113 914 3178 ἀ·
938 3117 1054 3196 δώρων
1077 3116 1243 3196 ὑποδοχὴν
1261 3118 1312 3181 καὶ

140 3221 197 3265 νος
231 3201 335 3281 ὤμοςε
367 3202 440 3281 περὶ
470 3199 516 3266 ὧν
541 3206 665 3282 δελφὴν
684 3205 719 3266 δέ
735 3203 914 3283 Ἀδρὰςτου.
938 3206 1044 3270 πολλὰ
1060 3208 1118 3284 τὴν
1141 3204 1312 3285 Ἐριφύλην

141 3288 182 3353 ἂν
191 3287 350 3374 Ἀδράςτῳ
364 3292 515 3371 διαφέρη-
539 3298 596 3372 τῆς
610 3294 645 3356 δὲ
656 3294 693 3356 τὸ
703 3292 816 3370 νίκημα
826 3314 913 3371 περι·
938 3294 1160 3373 αἰτιαςάμενον
1213 3294 1312 3359 αὐτὸν

140 3399 205 3456 ται,
239 3381 409 3457 διακρίνειν
439 3379 514 3458 Ἐρι-
540 3382 642 3460 θείςης
671 3379 830 3463 Ἀδράςτιμ
864 3382 914 3444 καὶ
938 3385 996 3462 μέν
1032 3384 1198 3463 ἐξορμῆςαι
1231 3385 1312 3462 πρὸς

143 3467 515 3552 φύλῃςυτχιιιρῆςαιύτε
540 3471 612 3549 περὶ
639 3475 696 3549 τῆς
723 3470 776 3534 ἐπὶ
808 3470 915 3548 Θήβας
937 3475 995 3551 τὴν
1019 3472 1198 3551 ςτρατείαν,
1224 3470 1311 3537 Ἀλιι-

143 3555 203 3619 ούν
232 3557 285 3620 ἐπὶ
313 3557 419 3637 Θήβας
451 3557 516 3622 ἔδει
540 3559 701 3638 ςτρατείας
747 3557 915 3637 ἀποφηνα-
939 3560 1052 3640 μαίωνι
1078 3562 1113 3624 δὲ
1140 3561 1312 3640 προςτάξαι

142 3645 332 3724 ςτρατεύειν,
345 3643 516 3724 Ἀδράςτου
540 3650 635 3727 μένης
650 3653 719 3713 δεῖν
734 3648 915 3725 ςτρατεύειν
939 3652 978 3730 μὴ
1030 3649 1189 3729 πρότερον
1234 3650 1313 3729 μετὰ

129 3735 199 3811 ,μὲν
252 3738 517 3812 παρακαλοῦντος
540 3736 559 3800 δ
578 3739 635 3816 μὲν
649 3735 845 3816 Ἀμφιάραος
864 3735 914 3799 δύ·
938 3743 1004 3802 τῶν
1014 3737 1176 3815 ἐπιγόνων
1186 3739 1238 3802 ἐπὶ
1249 3739 1311 3820 Θή-

141 3821 340 3903 Ἀμφιαράου
371 3825 406 3888 δὲ
435 3822 516 3890 ἀπο·
535 3831 594 3891 ’ξας
614 3825 676 3890 ὑπὸ
692 3831 747 3905 τῆς
766 3827 917 3900 γυναικὸς
941 3832 996 3907 βας
1025 3828 1214 3906 πορεύεςθαι
1237 3828 1312 3905 πρὶν

140 3913 317 3990 τρέποντας
366 3910 516 3992 Ἐριφύλη
541 3914 753 3993 προδεδόςθαι
787 3934 914 3992 ςυςτρα-
939 3915 1124 3981 ἀποκτεῖναι
1143 3919 1201 3995 τὴν
1221 3917 1312 3996 μητέ-

140 4089 279 4143 παςθέντα
292 4088 434 4158 φθαρῆναί
447 4105 538 4156 φαςιν.
563 4086 603 4142 of.
619 4086 706 4142 etiam
720 4087 807 4143 schol.
821 4087 902 4143 Nem.
916 4077 968 4143 VII
982 4097 1024 4147 62.
1051 4089 1149 4158 Neque
1164 4107 1199 4144 ax
1212 4088 1314 4144 acholii

141 4157 284 4213 Homerici
303 4158 509 4228 subscriptione
528 4169 600 4228 quae
617 4177 731 4229 prorsus
747 4158 872 4214 incertae
890 4159 945 4216 fide
964 4161 1009 4230 eit,
1028 4160 1092 4244 ipsa
1109 4161 1314 4231 tragodumena

142 4228 296 4284 aDiodoro
310 4229 451 4300 exscripta
469 4247 530 4286 eeee
548 4229 617 4285 licet
635 4231 771 4298 conicere,
786 4229 853 4299 quia
871 4232 963 4286 totam
981 4233 1051 4288 belh
1059 4232 1186 4287 Thebani
1204 4249 1314 4287 enarra-

140 4299 248 4354 tionem
266 4317 301 4356 cx
317 4319 373 4357 uno
393 4303 547 4372 eodemque
566 4305 680 4358 auctore
698 4303 876 4372 desumptam
891 4319 953 4359 cese
967 4305 1067 4373 elucet,
1086 4303 1200 4358 initium
1219 4305 1314 4358 autom

140 4370 327 4426 enarrationis
349 4373 390 4428 eie
414 4391 485 4443 quae
509 4373 623 4429 aliunde
645 4377 715 4429 nota
738 4376 804 4428 eunt
821 4373 1014 4445 Asclepiadem
1037 4394 1095 4432 non
1118 4376 1209 4430 solum
1228 4377 1313 4444 caret,

141 4444 190 4498 eod
209 4442 295 4498 etiam
314 4446 349 4500 ab
367 4443 445 4500 illius
463 4445 621 4502 rationibus
639 4463 753 4516 promus
773 4445 914 4503 abhorret.
1035 4469 1037 4476 ·
