3086 5124
225 205 269 283 De
287 205 401 262 scholiis
419 205 579 263 Homericis
599 205 636 262 ad
654 203 804 261 historiam
821 203 978 261 fabularem
995 205 1208 278 pertinentibus.
1241 205 1308 272 439

133 376 256 452 bantur,
288 377 369 434 certe
397 373 599 450 quaerendum
628 377 694 433 erat
721 392 774 432 cur
804 372 1009 448 explicationis
1037 373 1201 449 Didymeae
1229 373 1315 433 verbi

25 541 28 546 ι
134 459 363 540 Ἀργειφόντηε
387 459 436 538 [cf.
459 463 562 538 Etym,
580 463 620 521 M.
642 483 672 538 p.
698 465 819 538 137,1.
843 461 918 523 Gud,
941 483 971 538 p.
984 464 1041 537 13,
1067 459 1122 536 26]
1145 461 1178 520 in
1200 461 1312 521 scholio

136 551 159 614 Β
181 555 243 614 103
262 573 300 612 ne
314 553 410 611 ullum
428 549 547 628 quidem
567 554 684 612 extaret
702 551 872 628 vestigium,
891 570 944 610 cur
962 569 1037 627 quae
1055 550 1203 626 Didymus
1222 550 1313 611 schol.
1335 580 1338 586 ¹

135 640 222 702 Pind.
235 643 321 701 Nem.
335 642 363 700 X
380 643 441 700 112
465 641 503 700 de
525 641 739 700 Dioscurorum
762 659 827 699 cunr
850 639 994 716 Leucippi
1016 639 1085 698 filiis
1108 657 1210 716 pugna
1227 639 1313 699 docte

134 730 309 807 disputavit,
327 733 392 790 toto
411 729 494 788 caelo
513 730 551 789 ab
570 730 697 790 historia
716 729 820 790 scholii
840 726 859 788 Γ
876 731 939 788 243
954 729 1110 802 distarent,
1128 747 1182 788 our
1199 728 1311 788 scholio

135 817 243 880 5397
272 819 351 896 quod
378 818 523 878 Hercules
551 838 618 878 cum
647 817 722 879 Orco
756 815 792 878 ἐν
820 814 913 897 πύλιμ
945 817 1128 878 commisisse
1160 817 1314 878 ferebatur

135 912 288 968 certamen
308 927 368 967 uno
386 910 490 967 tenore
510 910 682 968 enarratum
701 908 739 966 ad
757 909 862 966 urbem
880 907 991 984 Pylum
1009 907 1174 967 referretur
1190 925 1313 983 prorsus

135 998 245 1058 omissa
259 998 356 1057 altera
375 997 525 1056 sententia
538 997 706 1056 Aristarchi
726 1016 815 1073 quam
831 995 962 1072 Didymo
981 995 1128 1072 placuisse
1147 995 1313 1056 certissimo

135 1086 311 1146 documento
335 1089 382 1145 est
406 1086 496 1145 schol.
518 1085 604 1144 Pind.
628 1084 675 1146 Ol.
697 1085 789 1144 VIIII
813 1087 863 1145 43.

225 1175 285 1236 Sed
312 1177 420 1258 horum
448 1174 629 1234 scholiorum
656 1193 715 1234 non
743 1175 840 1233 solum
871 1173 1040 1249 praefracte
1071 1172 1241 1251 negandum
1268 1177 1315 1233 est

137 1265 300 1341 Didymum
323 1283 388 1324 esse
411 1267 564 1323 auctorem
588 1263 640 1323 sed
662 1283 699 1322 ne
722 1283 814 1342 unam
832 1262 952 1340 quidem
970 1262 1153 1339 eandemque
1172 1255 1236 1322 csse
1256 1263 1313 1322 ori-

136 1354 237 1431 ginem
259 1356 362 1429 potest
383 1352 511 1414 concedi.
549 1351 634 1422 Quod
657 1353 735 1412 enim
759 1352 884 1412 eandem
911 1353 1040 1411 formam
1066 1354 1157 1427 atque
1185 1352 1314 1428 speciem

136 1462 208 1518 prae
227 1461 258 1502 se
277 1443 388 1518 ferunt,
407 1441 476 1501 inde
493 1442 569 1501 nihil
588 1441 669 1500 aliud
689 1441 824 1518 sequitur
842 1461 932 1518 quam
951 1461 1019 1500 eum
1038 1441 1090 1517 qui
1106 1441 1180 1500 baec
1202 1441 1314 1500 scholia

136 1531 253 1609 redegit
267 1533 343 1590 hano
356 1532 484 1590 formam
498 1531 541 1593 011
555 1549 632 1607 quae
646 1533 767 1606 praesto
788 1533 875 1590 erant
891 1530 1043 1590 doctrinae
1062 1529 1153 1606 copiis
1173 1530 1312 1592 induisse.

134 1621 229 1696 Atqui
251 1639 317 1680 esse
339 1616 477 1695 ἱετορίαε
500 1639 576 1695 quae
599 1621 637 1679 ab
661 1620 733 1696 ipsis
758 1619 926 1680 scholiastis
946 1638 982 1679 es
999 1619 1093 1678 doctis
1113 1619 1312 1678 adnotationi-

135 1709 192 1768 bus
220 1727 342 1784 prorsus
370 1709 505 1769 diversae
534 1709 657 1785 originis
685 1709 851 1784 descriptae
879 1709 940 1768 sint
967 1710 1058 1784 atque
1085 1710 1313 1785 transmutatae,

136 1797 338 1872 compluribus
353 1797 495 1873 exemplis
509 1797 720 1858 demonstravi.
753 1797 853 1856 Vnum
873 1795 959 1858 addo.
992 1797 1117 1856 Praeter
1130 1797 1315 1856 Amazonum

134 1885 262 1945 indicem
289 1886 379 1947 schol.
403 1883 423 1946 Γ
449 1888 509 1946 189
534 1905 621 1962 quem
649 1905 740 1963 supra
763 1886 931 1963 Porphyrio
958 1885 1119 1961 vindicavi,
1146 1886 1178 1944 in
1199 1886 1313 1945 ADLd

136 1974 267 2034 alterum
294 1978 377 2035 extat
405 1975 537 2035 scholion
564 1976 631 2035 hoc:
670 1971 863 2049 Μελανίππη
883 1972 934 2034 καὶ
952 1970 1122 2048 Ἱππολύτη
1141 1972 1314 2049 θυγατέρεε

135 2057 258 2138 Ἄρεως
287 2063 353 2124 τῶν
382 2058 596 2139 Ἀμαζονίδων
623 2061 862 2138 προηγούμεναι
890 2065 946 2139 τῆ(
974 2062 1132 2137 ετρατιᾶε·
1161 2058 1253 2123 αὗται
1277 2061 1312 2123 δὲ

135 2149 329 2227 πειρώμεναι
357 2151 415 2227 τὴν
444 2148 587 2226 Φρυγίαν
614 2147 675 2227 ὑφ’
699 2148 796 2212 αὑτὰε
824 2154 950 2228 ποιῆεαι
979 2149 1031 2211 διὰ
1058 2149 1096 2212 τὸ
1122 2150 1181 2227 τὴν
1204 2149 1314 2227 χώραν

136 2236 344 2315 ἱπποτρόφον
373 2235 454 2300 εἶναι
481 2238 532 2300 καὶ
560 2236 734 2315 ἀμπελώδη
764 2237 860 2301 παντὶ
891 2241 938 2320 τῷ
972 2237 1178 2316 ετρατεύματι
1211 2258 1313 2315 παρα-

137 2330 349 2390 εκειιαεθεῐεαι
372 2327 555 2403 παρέτυχον
579 2325 624 2389 εἰε
647 2327 705 2405 τὴν
728 2327 961 2405 προειρημένην
984 2326 1094 2404 χώραν
1113 2327 1164 2390 καὶ
1183 2325 1312 2405 ετρατό-

138 2418 241 2478 πεδον
260 2412 372 2479 ἔθεντο
392 2415 472 2493 πρόε
491 2415 550 2478 τὸν
567 2414 745 2492 (αγγάριον
765 2415 919 2493 ποταμόν.
952 2418 1018 2478 τῶν
1038 2417 1073 2479 δὲ
1093 2417 1231 2494 Φρυγῶν
1249 2415 1313 2480 ὑπὸ

133 2503 192 2567 τόν
221 2502 321 2567 αὐτόν
351 2502 471 2582 χρόνον
500 2502 656 2582 ἡγεμόνε(
678 2503 757 2583 ἦεαν
782 2504 925 2580 Μύγδων
948 2505 999 2568 καὶ
1025 2501 1168 2583 Ὀτρεύε,
1196 2504 1313 2569 οἵτινες

134 2594 193 2671 την
217 2595 308 2670 (φῶν
327 2592 435 2656 αὐτῶν
454 2592 620 2670 ετρατείαν
639 2592 811 2671 ἐξήνεγκαν
835 2593 886 2656 καὶ
905 2593 987 2671 πρὸ(
1007 2592 1067 2656 τὸν
1090 2592 1190 2657 αὐτὸν
1209 2592 1312 2659 τόπον

135 2681 355 2758 παρεγένοντο
383 2686 450 2744 τῶν
478 2679 693 2758 Ἀμαζονίδων
720 2681 802 2758 πρὸ(
831 2682 868 2744 τὸ
896 2684 1034 2746 κωλῦται
1057 2679 1155 2746 αὐτὰ(
1179 2685 1219 2761 μὴ
1243 2683 1310 2747 έπι-

137 2772 229 2848 βῆναι
257 2773 325 2832 scic
353 2769 478 2833 ἑαυτῶν
506 2769 607 2848 όροιε·
637 2771 689 2834 καὶ
717 2769 736 2833 ὁ
763 2770 909 2848 Πρίαμος
936 2775 991 2849 τῆ(
1020 2770 1136 2848 Τροία(
1168 2773 1311 2851 βαειλεύε

9 2887 10 2896 ¹
135 2858 342 2935 ἐιτρατεύετο
370 2859 450 2922 κατὰ
478 2856 662 2937 Ἀμαζόνων
689 2861 746 2923 (ὺν
774 2859 884 2923 αὐτοί(
911 2857 983 2923 κατ’
1009 2859 1135 2923 ἐκεῖνον
1163 2858 1311 2938 ἀκμάζων

134 2946 192 3010 τόν
216 2946 335 3026 καιρόν.
380 2951 457 3011 Tota
480 2951 606 3012 historia
629 2972 665 3012 ex
687 2954 751 3012 loco
775 2952 935 3012 Homerico
958 2956 1005 3012 est
1027 2953 1192 3028 composita
1213 2970 1310 3029 neque

135 3039 287 3099 invenitur
309 3041 405 3099 ullum
427 3039 579 3100 doctrinae
604 3042 765 3118 vestigium
786 3044 909 3117 praeter
930 3041 1102 3118 reginarum
1125 3038 1200 3118 qua'e
1223 3061 1309 3118 prae·

134 3129 245 3204 scripta
272 3133 342 3190 sunt
368 3129 497 3190 nomina.
538 3129 706 3206 Hippolyte
732 3149 803 3191 1010
831 3131 862 3190 in
890 3131 1014 3189 alterius
1043 3130 1148 3190 scholii
1173 3132 1309 3209 catalogo

135 3222 391 3298 commemoratur,
414 3237 509 3296 neque
531 3219 605 3278 olim
627 3219 769 3280 omissam
793 3238 858 3279 esse
880 3220 1049 3295 putaverim
1073 3220 1219 3280 famosam
1248 3221 1311 3280 eius

135 3299 314 3385 sororem¹)‚
342 3307 414 3383 quin
436 3307 528 3367 etiam
550 3308 649 3368 nescio
672 3327 711 3366 an
734 3307 846 3366 ibidem
868 3308 1015 3368 traditum
1036 3309 1130 3370 fuerit
1152 3309 1207 3370 has
1229 3309 1311 3384 ipsas

135 3398 319 3453 Amazonum
340 3395 372 3453 in
394 3396 559 3473 Phrygiam
582 3396 763 3473 expeditioni
784 3398 951 3473 praefuisse
972 3399 1153 3474 praesertim
1172 3417 1240 3457 oum
1262 3399 1312 3458 vel

134 3481 167 3540 in
189 3481 255 3541 aliis
277 3482 410 3544 historiis
431 3486 622 3546 inveniantur
644 3485 777 3546 frustula
799 3506 835 3545 ex
857 3506 892 3546 eo
921 3487 1101 3548 scholiorum
1128 3506 1237 3565 genere
1262 3506 1307 3547 ex·

134 3575 238 3647 oerpta
255 3570 335 3647 quod
352 3571 519 3649 Porphyrio
541 3568 726 3655 vindicavi²)
765 3575 962 3652 Quascunque
980 3576 1076 3654 igitur
1098 3572 1236 3650 ίετορίαε
1255 3578 1311 3637 boo

134 3659 221 3720 modo
246 3679 282 3718 ex
305 3659 400 3719 doctis
418 3661 478 3720 illis
497 3664 615 3723 scholiis
636 3664 767 3740 pendere
784 3667 936 3742 apparuit,
961 3684 1064 3724 earum
1082 3666 1199 3725 nullum
1217 3665 1310 3724 alium

134 3768 198 3809 csse
225 3768 314 3809 usum
342 3751 494 3809 statuatur
521 3756 639 3828 oportet
668 3774 758 3830 quam
784 3759 820 3814 11
848 3755 935 3816 docta
962 3755 1040 3814 unde
1069 3754 1218 3831 descripta
1242 3759 1311 3815 sunt

135 3839 247 3898 scheba
270 3839 467 3916 suppleantur
489 3839 743 3919 illustrenturque.

208 4027 228 4097 ¹)
247 4027 287 4082 cf.
307 4027 392 4082 schol.
413 4026 493 4082 Pind.
512 4027 592 4085 Nem.
613 4029 650 4085 111
670 4037 704 4087 64
722 4031 774 4100 dp.
794 4032 860 4101 Arg.
880 4033 906 4087 ll
921 4037 1023 4101 968sq.
1044 4029 1126 4088 Diod.
1145 4032 1200 4088 lllI
1219 4040 1260 4090 16.
1276 4064 1309 4076 -

136 4098 158 4165 f)
178 4095 218 4151 (tf.
233 4099 331 4154 scholl.
346 4102 369 4155 Τ
384 4106 434 4154 116
454 4117 517 4154 cum
530 4100 691 4156 nominibus
705 4119 777 4170 quaa
791 4102 900 4158 inserta
914 4106 979 4158 sunt
996 4105 1101 4174 icropfp
1120 4104 1207 4159 schol.
1222 4109 1245 4160 Τ
1260 4113 1310 4160 119

135 4170 271 4235 Ἀντιβίαν
290 4173 320 4227 δὲ
343 4173 378 4238 ἣν
400 4189 474 4227 τινεε
501 4173 636 4241 Νικίππην
660 4176 752 4241 εἷπον,
776 4174 960 4230 101101.Ψῦ6
985 4192 1048 4229 cum
1067 4175 1154 4231 schol.
1174 4179 1203 4232 Μ
1225 4185 1235 4231 1
1258 4219 1308 4232 ...

136 4241 322 4307 Κλειτώνυμαν
345 4245 362 4309 ἢ
387 4245 425 4297 dic
447 4262 521 4299 τινεε
544 4245 656 4312 Αίιίνην.
694 4244 825 4299 Ceterum
843 4245 987 4300 invenitur
1004 4246 1132 4302 scholion
1151 4250 1169 4317 [Ι
1190 4249 1254 4318 418]
1275 4263 1310 4302 ne

133 4308 178 4364 his
206 4309 321 4435 qtuidem
348 4311 493 4370 doctrinae
520 4314 649 4371 frustulis
677 4318 820 4383 ornatum,
854 4317 904 4371 sed
932 4319 1023 4372 totum
1050 4333 1085 4372 cx
1112 4318 1233 4375 Homero
1262 4319 1310 4373 de-

135 4399 215 4452 sump
229 4400 284 4435 um.
