3086 5124
222 221 289 286 422
341 231 344 234 ’
614 225 616 232 ⁴
650 221 796 278 Eduardus
816 219 969 278 Schwartz}

311 391 469 450 Postremo
488 387 642 450 adferatur
666 390 810 452 scholium
829 391 909 466 quod
927 389 1105 466 corruptelis
1124 392 1155 483 et
1172 389 1288 450 lacunis
1305 391 1395 450 muti·

223 482 318 540 latum
342 483 373 540 ct
396 480 586 539 obscuratum
610 499 646 538 ex
664 479 833 540 coniectura
851 482 970 539 tantum
986 479 1019 537 in
1037 479 1115 538 hunc
1128 477 1257 539 indicem
1270 497 1395 555 repono:

356 587 447 647 schol.
466 583 493 647 Z
509 589 571 646 136
588 585 615 643 V
630 582 776 662 Θέτιςῆν
792 579 852 661 [ἵν’
857 584 885 662 P]
902 579 1045 660 εὐλόγως
1064 580 1123 645 τὸν
1141 579 1291 660 ἀμφορέα
1306 580 1396 665 λάβῃ.

297 685 299 688 ·
355 669 449 750 ἢότι
473 673 609 750 χρηςμὸς
633 670 730 750 ἐδόθη
750 673 771 752 γ
792 669 970 736 ἀλίευεινὲ
954 669 1103 753 ἑντόπιμ
1125 669 1287 737 Διόνικον
1306 669 1397 735 ἁλιέα

359 759 577 839 βαπτίζοιτε*
560 781 605 824 ως
629 759 819 838 Φιλόχορος

224 869 344 930 Thetidi
357 889 376 929 a
389 869 506 931 Eaccho
521 871 697 947 amphoram
711 869 801 931 donat
788 873 852 929 tarn
867 889 932 930 esse
945 851 1039 930 tradit
1040 889 1077 929 ur
1091 870 1181 930 schol.
1161 867 1225 931 ΙΨ
1241 873 1296 946 923
1315 869 1396 931 uide-

222 963 274 1108 ‘rclug
288 960 385 1108 {Igitur
404 960 544 1036 explicari
563 979 616 1020 cur
631 960 766 1020 Bacchus
785 979 852 1018 cum
867 977 885 1018 a
899 960 1037 1037 Lycurgo
1056 961 1211 1036 peteretur
1227 916 1341 1036 fugdrit
1359 960 1398 1018 ad

270 1067 288 1109 c
334 1068 389 1110 em.

310 1156 365 1218 ΙΙΙ.
388 1156 471 1216 Haec
489 1156 526 1216 de
545 1156 776 1232 paralipomenis
797 1157 828 1215 et
847 1155 1084 1232 quaestionibus3
1103 1156 1164 1216 iam
1183 1155 1331 1233 agendum
1350 1157 1397 1214 est

223 1247 259 1306 de
292 1245 351 1306 alio
379 1245 574 1324 grammatico
606 1245 657 1322 qui
679 1245 847 1304 Aristarchi
871 1247 1051 1305 sectatorem
1074 1264 1105 1305 sc
1130 1245 1269 1304 exhibere
1292 1244 1397 1305 voluit.

222 1335 432 1396 Aristarchum
455 1329 666 1394 ‘recentiorum
692 1327 847 1412 figmenta'
870 1334 1063 1393 vehementer
1091 1352 1279 1411 oppugnasse
1301 1351 1398 1408 neque

223 1425 285 1486 ullo
310 1427 374 1486 loco
397 1423 576 1484 concessisse
600 1425 637 1483 ab
656 1423 787 1483 Homero
809 1423 899 1501 paulo
924 1423 1093 1482 obscuriore
1117 1422 1397 1483 commemoratione

223 1513 395 1590 designatas
424 1533 489 1573 esse
516 1513 634 1573 fabulas
658 1512 788 1589 quaein
815 1510 933 1589 volgari
955 1512 1081 1571 historia
1105 1511 1399 1587 circumferebantur,

223 1605 381 1680 praeterea
395 1601 554 1680 diligenter
569 1601 727 1661 adnotasse
740 1601 909 1677 ubicunque
922 1600 1037 1661 ¹novicii
1050 1600 1087 1659 ab
1102 1601 1234 1660 Homero
1249 1599 1398 1660 discessis-

224 1695 300 1769 sent,
313 1711 349 1752 ex
358 1691 521 1752 Aristonici
532 1691 664 1768 reliquiis
675 1691 749 1751 satis
763 1694 869 1750 notum
881 1693 935 1766 est,
947 1690 998 1767 qui
1006 1708 1089 1749 more
1099 1691 1235 1749 veterum
1249 1707 1397 1766 gramma-

223 1781 352 1842 ticorum
372 1781 547 1841 brevissime
572 1800 636 1840 rem
662 1780 725 1857 agit
746 1780 857 1840 fabulis
878 1779 1005 1840 strictim
1026 1778 1166 1840 indicatis
1185 1781 1398 1855 auctorumque

224 1870 394 1930 nominibus
418 1870 570 1930 rarissime
592 1869 840 1930 commemoratis.

310 1959 377 2019 Iam
408 1959 458 2019 vel
486 1978 522 2018 er
553 1959 609 2017 hac
636 1959 785 2017 brevitate
817 1957 1021 2035 grammaticis
1055 1959 1087 2016 et
1114 1955 1398 2016 commentatoribus

223 2048 327 2127 opinor
349 2048 523 2125 gratissima
546 2047 739 2108 obserabatur
764 2047 878 2106 occasio
901 2049 936 2106 ut
958 2046 1127 2106 Aristarchi
1149 2045 1281 2105 rationes
1304 2043 1396 2103 latius

222 2137 371 2214 persecuti
406 2135 518 2196 fabulis
553 2136 639 2196 docte
675 2135 853 2212 exponendis
885 2135 1057 2195 auctoribus
1089 2133 1276 2193 nominandis
1308 2151 1399 2208 quam

222 2225 358 2302 plurimis
381 2225 454 2286 locis
477 2224 643 2285 Homericis
670 2243 737 2284 cum
759 2225 958 2284 recentiorum
979 2223 1201 2283 narrationibus
1225 2240 1398 2299 comparan-

223 2315 267 2374 dis
296 2315 462 2375 doctrinam
484 2315 660 2375 adhiberent
682 2332 823 2390 magnam
847 2316 878 2374 ct
906 2312 1078 2390 speciosam.
1117 2311 1217 2387 Atque
1242 2312 1399 2370 extantm
1369 2310 1375 2322 ’

223 2401 342 2466 scholiis
360 2404 468 2462 horum
486 2403 653 2463 studiorum
672 2403 809 2479 vestigia.

311 2493 398 2552 Atrei
418 2492 628 2569 Thyestacque
646 2491 818 2552 inimicitias
836 2491 966 2568 tragicas
986 2491 1024 2550 ab
1045 2490 1177 2549 Homero
1196 2489 1309 2550 alienas
1332 2507 1398 2550 esse

164 2591 167 2596 '
222 2582 306 2642 Arist
307 2583 414 2642 archus
438 2601 474 2641 ex
492 2601 598 2658 regum
622 2581 805 2642 successione
829 2581 866 2640 ab
890 2579 1022 2641 Homero
1046 2576 1070 2639 Β
1096 2581 1158 2639 104
1182 2595 1224 2655 sq.
1248 2577 1398 2654 descripta

223 2671 379 2732 conclusit:
402 2667 487 2731 Afist
474 2674 534 2732 t.on
553 2671 591 2730 ad
616 2667 639 2730 Β
661 2666 758 2731 107
746 2688 765 2744 q
786 2664 923 2745 διπλῆ“
905 2687 955 2729 οτι
979 2664 1018 2729 οὐ
1037 2663 1181 2742 γινώςκει
1200 2664 1259 2741 τὴν
1279 2661 1398 2741 ἔχθραν

221 2753 358 2836 Ἀτρέως
371 2777 422 2821 και
411 2756 585 2821 Θυέςτον.
610 2755 698 2840 αὐτῷ
717 2758 797 2832 γοῦν
816 2753 1011 2834 παραδίδωςι
1029 2754 1068 2819 τὸ
1083 2757 1250 2872 ςκῆπτρον,
1271 2750 1311 2816 οὐ
1329 2755 1398 2815 τοῖς

221 2843 345 2910 uiolet
369 2842 504 2924 Ἀτρεύς.

311 2933 360 2999 ὅτι
380 2937 631 3015 ςυμφωνοῦντας
650 2933 767 2998 αὐτοὺς
781 2932 941 3012 ςυνίςτηςι.
966 2932 1017 2997 καὶ
1035 2932 1096 3011 γὰρ
1112 2929 1283 3008 ὁΘυέςτης
1298 2928 1397 3012 αὐτῷ

222 3022 281 3108 υἱῷ
309 3023 409 3088 αὑτοῦ
436 3022 569 3107 Αἰγίςθιμ
595 3022 778 3087 καταλείπει
810 3022 847 3086 τό
883 3027 1053 3101 ςκῆπτρον,
1082 3018 1153 3085 ἀλλ’
1178 3017 1397 3096 Αγαμέμνονι.

217 3087 289 3178 Νόιι
314 3116 501 3177 sufficiebant
523 3117 596 3176 haec
619 3116 835 3194 grammaticis:

355 3224 445 3284 schol.
470 3219 494 3282 Β
519 3224 582 3282 106
606 3223 662 3281 BL
691 3217 741 3282 ότι
763 3217 905 3296 Ὅμηρος
928 3215 1017 3280 οἶδεν
1041 3213 1157 3279 αὐτοὺς
1181 3210 1253 3292 ἄχρι
1282 3213 1397 3277 τέλους

235 3343 237 3349 ·
356 3308 532 3389 ἀδελφικὴν
561 3306 690 3372 εὔνοιαν
718 3306 936 3388 φυλάξαντας·
966 3305 993 3369 εἰ
1023 3304 1058 3367 δὲ
1085 3304 1126 3383 ἦν
1154 3300 1264 3367 αὐτοῖς
1290 3300 1397 3382 ἔχθρα,

355 3395 428 3464 οὔθ’
446 3397 491 3461 ὼς
509 3395 655 3474 Αἴγιςθον
674 3394 880 3475 Ἀγαμέμνων
899 3396 1054 3473 κατήγετο
1069 3392 1101 3471 [δ
1117 3396 1180 3455 531
1193 3414 1236 3473 sq.
1251 3393 1397 3471 l410sq.

356 3493 419 3553 389
446 3516 488 3538 =
512 3507 538 3550 αι
559 3487 614 3565 22]
640 3483 712 3549 οὔτ’
740 3484 780 3549 ἂν
813 3483 843 3549 οἱ
871 3483 939 3549 θεοὶ
972 3483 1165 3547 ἐπέςτελλον
1194 3480 1328 3564 Αἰγὶςθῳ
1356 3483 1396 3560 μὴ

355 3574 530 3654 ἀμύναςθαι
544 3573 764 3653 Ἀγαμέμνονα
786 3575 821 3653 [α
836 3574 892 3653 39]
916 3571 991 3636 οὔτε
1005 3571 1147 3649 Ὅμηρος
1161 3572 1280 3649 πικρῶς
1294 3567 1398 3633 οὕτως

356 3664 514 3744 ἐλοιδόρει
529 3661 636 3728 ἀὐτὸν
659 3660 791 3726 ἄναλκιν
813 3664 922 3725 καλῶν
945 3661 995 3725 καὶ
1023 3659 1196 3738 δολόμητιν
1220 3657 1254 3740 [γ
1271 3664 1333 3723 198
1353 3687 1395 3710 =

356 3760 420 3820 308
441 3758 459 3817 δ
475 3759 538 3818 525
555 3775 576 3830 γ
591 3753 678 3831 310],
693 3751 721 3815 εἰ
655 3753 779 3831 ]μὴ
795 3750 835 3814 τὰ
849 3748 973 3833 <κατά>
988 3749 1046 3829 τὴν
1065 3768 1142 3826 ςογγ
1145 3749 1251 3814 ένειαν
1269 3748 1397 3825 πρῶτος

355 3844 543 3923 ἐλυμήνατο.
577 3841 743 3918 Λικύμνιος
766 3840 802 3905 δὲ
827 3837 1087 3919 παραδηλοῦςθαί
1116 3857 1191 3917 φηςι
1214 3833 1396 3913 λεληθότως

355 3933 415 4012 τὴν
430 3929 579 4011 ἔχθραν“
569 3950 620 3997 ινα
638 3932 679 4009 μὴ
696 3931 899 4012 βλαςφημήςῃ
918 3926 1140 4005 τὸγένος·τό
1160 3926 1218 4003 μὲν
1236 3923 1297 4003 γὰρ
1312 3926 1395 3990 δῶκε

358 4019 466 4101 φιλίας
488 4017 655 4099 τεκμήριόν
675 4039 758 4098 φηςι,
780 4019 819 4082 τό
838 4020 874 4082 δὲ
893 4019 1079 4082 καταλιπεῖν
1098 4013 1245 4092 ἀνάγκης,
1269 4012 1319 4078 διὸ
1338 4009 1397 4092 ἐφ’

360 4107 407 4174 ὧν
430 4111 488 4188 μὲν
511 4114 558 4194 τῷ
580 4111 684 4174 δῶκεν
707 4107 871 4188 ἐχρήςατο,
894 4104 952 4187 ἐφ’
976 4103 1022 4170 ὧν
1046 4103 1081 4170 δὲ
1103 4106 1150 4186 τῷ
1175 4104 1295 4167 λεῖπεν.

223 4224 386 4284 Rhetorem
423 4220 558 4282 Platonis
594 4220 748 4297 aequalem
790 4218 914 4279 excitari
953 4217 998 4276 int
985 4213 1102 4276 tullerit
1088 4212 1271 4290 tSpcngal
1313 4207 1397 4290 [crtt.

224 4313 338 4389 scriptt.
352 4332 380 4388 p.
396 4307 463 4387 91].
490 4309 635 4372 Veterum
653 4309 855 4386 sophistarum
868 4305 1078 4368 Aristarchecs
1095 4303 1242 4362 rationem
1255 4301 1396 4362 habuisse

223 4403 400 4462 documento
424 4403 470 4460 est
493 4398 654 4461 Aristonici
677 4397 831 4459 adnotatio
854 4395 893 4456 ad
911 4394 968 4458 Α1
990 4395 1024 4455 cl.
1049 4413 1117 4453 cum
1139 4407 1266 4452 censura
1288 4389 1396 4452 aPro·
