3086 5124
249 1186 286 1246 In
312 1187 431 1248 scholiis
454 1187 620 1250 Homericis
643 1207 719 1266 quae
747 1189 785 1248 ad
812 1189 969 1248 historiam
996 1189 1145 1266 poeticam
1172 1189 1335 1267 pertinent,

162 1294 235 1353 prae
258 1277 366 1336 ceterIs
389 1277 518 1337 usitatae
543 1281 574 1337 et
595 1281 684 1338 notae
699 1283 770 1337 sunt
791 1273 923 1352 ἱετορίαι
941 1297 1017 1354 quae
1036 1278 1197 1338 maximam
1215 1282 1333 1354 partem

57 1406 60 1415 ·
160 1365 324 1424 clausulam
342 1366 483 1426 exhibent
504 1363 525 1442 ἡ
548 1362 668 1441 ἱετορία
691 1363 778 1441 παρὰ
795 1367 841 1445 τῷ
860 1367 952 1426 δεῖνα
975 1368 1023 1426 vel
1046 1361 1165 1441 ἱετορεῑ
1188 1362 1207 1427 ὁ
1230 1367 1332 1440 δεῖνα,

160 1472 262 1513 omnes
280 1457 363 1514 certa
381 1455 510 1531 quadam
528 1456 625 1532 specie
648 1475 683 1514 ao
700 1456 799 1515 forma
821 1456 979 1515 distinctae
1004 1459 1074 1515 sunt
1096 1460 1187 1532 atque
1211 1474 1247 1515 ea
1268 1456 1333 1532 qui·

161 1542 230 1600 dem
251 1545 287 1600 ut
309 1544 450 1603 continua
473 1545 607 1604 oratione
621 1545 734 1604 fabella
748 1545 848 1620 aliqua
866 1547 1024 1605 enarretur
1041 1545 1217 1621 plerumque
1242 1548 1332 1604 stem·

164 1633 246 1690 mate
278 1633 440 1708 proposito.
487 1633 602 1704 Quibus
633 1633 704 1693 licet
729 1652 790 1694 non
819 1633 851 1692 id
883 1633 1022 1692 effectum
1053 1633 1093 1693 sit
1126 1634 1205 1710 quod
1237 1634 1336 1693 solent

91 1774 94 1782 .
160 1720 305 1797 praebere
319 1722 534 1798 commentarii,
553 1725 588 1781 ut
605 1725 712 1798 poetae
730 1722 864 1782 narratio
883 1741 951 1782 cum
968 1725 1070 1781 cetera
1087 1722 1231 1782 historiae
1250 1723 1335 1782 fabu-

159 1810 232 1868 laris
251 1810 395 1869 memoria
413 1811 499 1869 docte
519 1814 709 1887 comparetur
727 1811 776 1871 vel
799 1811 932 1886 ipsorum
954 1811 1115 1870 verborum
1138 1811 1337 1870 obscuritates

162 1917 198 1957 ex
225 1897 354 1958 aliorum
381 1899 561 1976 scriptorum
584 1899 657 1958 locis
683 1899 896 1974 dilucidentur,
928 1903 1031 1959 tamen
1057 1899 1136 1958 unde
1164 1903 1248 1960 ortae
1277 1900 1338 1960 sint

58 2022 62 2035 ,
161 2006 305 2063 quaerere
319 2006 379 2047 non
392 1991 440 2047 est
453 1989 762 2064 praetermittendum.
799 1988 894 2065 Atqui
912 1989 1077 2048 cavendum
1095 1991 1197 2048 estne
1215 1991 1337 2065 praeter

58 2088 60 2097 ·
158 2076 227 2136 illas
245 2077 444 2154 neglegantur
463 2081 563 2137 cetera
580 2097 657 2154 quae
677 2069 797 2138 servata
816 2081 886 2137 sunt
900 2077 1051 2138 doctrinae
1070 2077 1336 2156 mythographicae

158 2164 271 2224 rudera
292 2164 428 2241 inprimis
447 2166 478 2224 in
502 2165 622 2226 scholiis
646 2166 754 2226 codicis
773 2166 948 2243 Victor-iani,
966 2186 1055 2242 quem
1078 2166 1171 2226 donec
1195 2169 1336 2226 accurata

157 2256 190 2312 et
207 2254 296 2330 plena
313 2254 421 2314 codicis
441 2255 635 2331 Townleyani
657 2254 766 2314 notitia
789 2259 910 2330 praesto
937 2255 984 2331 sit,
1009 2255 1128 2314 omnino
1151 2256 1248 2332 primo
1271 2256 1337 2314 loco

58 2406 62 2421 ,
158 2343 326 2402 habendum
351 2361 416 2402 esse
444 2343 524 2419 apud
547 2363 649 2403 omnes
672 2347 790 2404 constat
812 2344 864 2420 qui
886 2343 993 2403 harum
1016 2363 1118 2403 rerum
1143 2346 1214 2403 sunt
1235 2344 1335 2420 periti.

58 2498 61 2513 ,
158 2430 247 2492 Certe
270 2435 431 2508 antequam
450 2433 556 2492 horum
575 2432 755 2492 scholiorum
778 2433 879 2509 aliqua
900 2433 1055 2509 proposita
1082 2433 1122 2492 sit
1151 2433 1267 2508 notitia,
1297 2452 1335 2492 ne

58 2516 61 2537 ¹
159 2521 191 2579 in
213 2519 407 2580 historiarum
430 2522 553 2597 quidem
576 2523 706 2600 origines
729 2523 866 2597 accurate
890 2521 1000 2598 inquiri
1022 2540 1110 2597 posse
1134 2523 1299 2598 apparebit.

247 2608 270 2668 Ι.
290 2609 452 2686 Porphyrii
461 2630 521 2670 non
531 2612 629 2672 solnm
642 2608 803 2686 ζητήματα
817 2610 855 2669 ab
871 2610 995 2669 Homeri
1005 2610 1172 2670 scholiaetis
1182 2610 1331 2687 exscripta

58 2702 60 2742 ³
159 2716 224 2757 esse
249 2698 301 2757 sed
323 2699 460 2758 libellum
482 2718 599 2776 quoque
624 2700 661 2759 de
684 2699 853 2759 nominibus
877 2700 915 2758 ab
939 2699 1071 2759 Homero
1094 2699 1212 2760 omissis
1235 2718 1331 2776 nuper

59 2792 63 2805 '
159 2786 348 2848 Hermannus
364 2787 511 2848 Schrader
525 2788 750 2848 demonstravit.
758 2780 784 2870 ¹)
817 2788 900 2848 Haec
910 2791 980 2847 sunt
992 2788 1176 2866 fragmenta:
1188 2819 1230 2828 —
1245 2788 1334 2848 omisi

157 2895 233 2952 quae
256 2895 293 2935 ex
311 2876 463 2936 Eustathii
484 2876 517 2936 in
534 2877 691 2937 Boeotiam
712 2877 879 2953 parecbclis
902 2877 949 2938 vir
971 2877 1075 2937 doctus
1099 2877 1178 2937 eruit
1201 2880 1233 2937 et
1256 2896 1332 2954 quae

162 2965 200 3023 ad
222 2963 384 3042 ζητήματα
406 2968 488 3026 recte
511 2966 631 3026 rettulit
653 2966 754 3026 scholl.
781 2964 803 3025 Β
828 2968 892 3026 308
918 2963 938 3026 Ι”
964 2968 1025 3026 175
1053 2999 1091 3006 -

292 3047 384 3114 schol.
408 3053 433 3115 Α
457 3057 520 3116 266
545 3047 684 3135 BLLd²)
716 3052 752 3115 ἐκ
779 3049 909 3131 (τίλβηε
937 3051 995 3128 μὲν
1028 3050 1087 3115 οὖν
1114 3055 1170 3130 τῆε
1188 3052 1331 3130 Πηνειοῦ

290 3139 386 3219 κόρητ
410 3140 460 3203 καί
487 3137 693 3204 Ἀπόλλωνα(
720 3141 836 3216 γέγονε
860 3139 1001 3218 Λαπίθηε
1031 3137 1093 3218 ἀφ’
1124 3138 1163 3203 οὑ
1186 3138 1332 3204 Λαπίθαι.

292 3228 445 3309 ἑξήκοντα
474 3230 510 3292 δὲ
538 3230 614 3294 τοὺτ
640 3227 890 3315 ἐπιεημοτάτουε
918 3227 1026 3292 αὐτῶν
1050 3229 1218 3305 καταλέγει
1247 3229 1335 3307 Πορ-

293 3318 422 3397 poploe·
441 3317 472 3381 οἱ
491 3318 526 3381 δὲ
548 3319 720 3395 Κένταυροι
739 3317 819 3381 κατὰ
842 3318 899 3396 μὲν
923 3318 999 3380 τοὺε
1022 3317 1156 3395 ποιητὰτ
1180 3318 1335 3392 λέγονται

291 3403 417 3472 Ἰξίονοτ
435 3407 487 3470 καὶ
506 3408 658 3486 νεφέλης·
677 3407 761 3470 τινὲε
779 3406 815 3469 δὲ
830 3405 966 3469 Δαυλίδι
979 3403 1091 3470 Ἰξίονα
1109 3409 1245 3484 μιγῆναη
1268 3404 1332 3484 ἅμα

292 3495 328 3558 δὲ
352 3495 403 3558 καὶ
415 3496 569 3575 Πήγαεον
591 3496 649 3560 τὸν
672 3495 839 3573 πτερωτὸν
863 3493 942 3558 κατὰ
965 3496 1023 3574 τήν
1048 3493 1148 3574 αὐτὴν
1171 3493 1278 3573 νύκτα,
1298 3495 1331 3559 ἐξ

295 3579 341 3646 ὧν
364 3585 510 3668 γενέεθαι
535 3585 724 3663 Κένταυρον,
744 3581 808 3662 ἀφ’
830 3582 870 3647 οὗ
897 3584 982 3647 πολὺ
1010 3585 1133 3661 πλῆθοε
1155 3581 1291 3659 γίνεται·
1315 3581 1334 3646 ὁ

296 3673 332 3735 δὲ
353 3671 476 3750 Χείρων
494 3677 584 3738 δοκεῖ
602 3674 638 3737 ἐκ
657 3671 780 3751 Κρόνου
798 3675 994 3751 γεγενῆεθαι.
1041 3670 1185 3748 ἀτελγεῑε
1204 3672 1240 3735 δὲ
1261 3671 1333 3736 λίαν

296 3759 474 3837 γεγόναειν.
511 3763 547 3826 ἐκ
565 3761 692 3840 Φολόητ
716 3762 752 3824 δὲ
776 3761 893 3825 αὐτοὺ(
916 3759 1072 3840 Ἡρακλῆα
1096 3759 1240 3826 ἐδίωξεν
1265 3759 1334 3825 είτα

297 3849 376 3928 ἧκον
400 3847 446 3914 εἰε
467 3851 506 3914 τὸ
529 3852 663 3930 Πήλιον.
1198 3921 1206 3938 ⁸

57 4006 59 4019 ,
160 3943 259 4003 omnia
287 3943 430 4021 exscripsi
457 3943 597 4019 quoniam
625 3946 770 4020 quantum
792 3943 961 4020 Porphyrio
984 3943 1132 4002 debeatur
1159 3945 1241 4003 certo
1270 3943 1335 4002 erui

56 4022 59 4083 i
162 4033 274 4110 nequit.

234 4204 253 4272 ¹)
272 4203 394 4257 Hermae
404 4204 425 4256 t.
436 4202 513 4257 XIIII
531 4221 558 4273 p.
569 4209 620 4258 231
632 4219 672 4271 sq.
684 4235 717 4244 -
732 4204 753 4268 ²)
768 4202 847 4273 Siglo
865 4202 908 4257 Ld·
926 4202 1052 4258 codicem
1066 4201 1232 4257 Leidensem
1252 4203 1334 4274 [Vos-

161 4274 272 4329 sianum
291 4275 337 4356 64]
360 4273 496 4344 significo,
516 4291 601 4343 quern
619 4277 651 4329 ut
669 4273 823 4343 Gottingae
842 4274 996 4330 conferrem
1015 4273 1136 4344 Augusti
1153 4272 1335 4328 Wilmannsii

158 4345 453 4414 benevolentraatque
463 4345 638 4401 liberalitate
647 4344 930 4400 bibliothecariornm
940 4345 1111 4400 Batavorum
1120 4343 1191 4398 mihi
1205 4344 1332 4416 contigit

158 4417 256 4472 inveni
275 4419 371 4470 tamen
391 4417 561 4486 paucissima
580 4416 668 4487 digna
686 4418 794 4472 notatu.
