3086 5124
236 259 302 326 434
664 261 809 316 Eduardus
830 261 983 318 Schwartz:

236 451 338 491 corum
357 449 464 508 corpus
483 432 581 492 ramas
596 431 747 490 doctrinae
761 431 905 490 fabularis
925 431 1024 506 copias
1044 449 1108 490 esse
1127 435 1295 509 congestas,
1308 453 1411 509 quam·

235 521 281 580 vis
304 540 340 580 aa
366 520 484 579 laboret
506 520 579 579 haec
607 520 759 596 inquisitio
786 520 961 597 plerumque
990 519 1171 580 obscuritate
1195 523 1229 582 et
1254 541 1411 598 argumen-

237 612 336 668 torum
368 609 468 686 inopia
499 612 534 668 ut
561 610 592 668 in
624 609 690 668 rudi
718 613 749 670 et
779 612 867 669 rasta
899 610 977 668 mole
1004 609 1202 686 probabiliter
1234 610 1265 669 in
1292 610 1411 672 diversa

237 701 267 758 et
290 698 432 758 distincta
453 717 565 776 genera
593 698 710 776 digesta
735 699 910 776 plerumque
934 699 974 759 sit
1001 698 1261 775 adquiescendum.
1306 701 1411 777 Neque

237 787 297 847 tria
319 787 498 847 scholiorum
521 807 641 864 genere,
664 807 739 864 quae
763 788 850 848 modo
873 788 1023 864 proposui,
1047 787 1108 846 suis
1127 788 1235 848 finibus
1259 789 1411 849 continent

237 896 339 936 omnes
363 877 494 953 quaein
517 877 635 937 scholiis
659 880 763 937 artam
786 877 937 937 doctrinae
960 877 1106 936 fabularis
1130 877 1285 955 reliquias,
1309 882 1411 938 tamen

236 969 268 1027 ct
281 966 442 1025 maximam
455 969 571 1043 partem
587 967 824 1042 complectuntur
839 970 869 1026 et
888 966 1053 1026 certissime
1067 966 1305 1044 distinguuntur3
1320 971 1410 1044 atque

235 1055 296 1115 iam
310 1055 470 1116 transirem
484 1056 522 1114 ad
540 1051 678 1130 ἱςτορίας
691 1057 872 1132 tractandas,
890 1055 948 1114 nisi
966 1055 1053 1114 unius
1073 1054 1177 1115 scholii
1200 1074 1290 1115 causa
1317 1076 1412 1133 pauca

172 1217 175 1222 ι
236 1147 317 1204 certe
336 1145 436 1221 quarti
459 1145 583 1205 alicuius
606 1145 724 1222 generis
742 1145 868 1222 proponi
892 1164 964 1219 opus
989 1148 1077 1206 esset.
1115 1145 1262 1205 Accurate
1282 1145 1308 1205 si
1330 1147 1410 1223 lege-

237 1233 278 1293 ris
302 1233 375 1294 hacc
399 1235 435 1292 de
459 1235 669 1310 Neoptolemo:

368 1324 458 1384 schol.
482 1319 507 1384 Τ
528 1325 590 1383 326
610 1323 638 1379 V
661 1321 745 1384 τινὲς
764 1321 821 1398 μὲν
844 1321 910 1384 ἐκεῖ
933 1320 1098 1400 ἐκτεθῆναι
1118 1319 1217 1383 αὐτὸν
1236 1318 1300 1383 ὑπὸ
1320 1320 1410 1385 Θέτι-

368 1413 437 1472 δος·
465 1408 484 1472 δ
512 1409 547 1472 δὲ
576 1410 635 1487 τὴν
663 1409 773 1487 μικρὰν
801 1407 917 1473 Ἰλιάδα
945 1407 1184 1486 ἀναζευγνύντα
1217 1407 1317 1473 αύτόν
1344 1407 1410 1473 ἀπὸ

369 1498 520 1577 Τηλέφου
544 1503 809 1578 προςορμιςθῆναι
833 1498 911 1563 έκεῑ·

394 1604 557 1684 Πηλείδην
581 1603 614 1668 δ’
637 1603 786 1684 Ἀχιλλῆα
810 1607 890 1684 φέρε
915 1603 1072 1684 (κῦρόνδε
1097 1605 1229 1670 θύελλα·

394 1692 465 1758 ἔνθ’
487 1693 505 1758 ό
530 1693 565 1772 γ’
587 1695 620 1759 ἐς
645 1693 807 1775 ἀργαλέον
831 1693 935 1774 λιμέν’
956 1694 1043 1758 ἵκετο
1067 1695 1180 1758 νυκτὸς
1204 1695 1334 1772 ἐκείνης.

367 1799 430 1865 έςτι
454 1803 489 1865 δὲ
513 1806 608 1881 νῆςος
632 1802 712 1880 πρὸς
735 1809 773 1886 τῇ
797 1801 912 1884 Εὐβοίᾳ
936 1802 1064 1879 λιμένας
1093 1799 1209 1879 ἔχουςα
1233 1799 1411 1879 Ἀχίλλειον

370 1891 420 1954 καὶ
445 1892 585 1970 Κρήςιον,
610 1891 735 1974 ᾤκηςαν
758 1889 791 1954 δ’
813 1893 849 1954 ἐν
870 1891 948 1974 αὐτῇ
972 1890 1022 1954 καὶ
1041 1889 1194 1954 Δόλοπες
1217 1895 1313 1968 μοῖρα
1332 1891 1409 1954 Θες-

367 1983 482 2044 ςαλῶν.
521 1978 747 2058 Νεοπτόλεμος
771 1981 806 2043 δὲ
831 1978 896 2043 ἀπὸ
924 1983 982 2043 τοῦ
1010 1979 1131 2057 πατρὸς
1154 1977 1335 2056 ὠνόμαςται
1360 1977 1410 2043 ὅτι

367 2069 440 2132 νέος
460 2069 507 2132 ὢν
526 2069 731 2147 ἐπολέμηςεν.
759 2067 822 2132 έςτι
842 2070 877 2132 δὲ
897 2068 941 2132 ὥς
960 2087 1042 2131 τινες
1062 2067 1094 2132 ἐξ
1114 2065 1311 2145 Ἰφιγενείας·
1333 2069 1411 2147 φηςὶ

366 2156 427 2236 γάρ
452 2159 572 2237 Δοῦρις
596 2157 645 2222 ότι
668 2162 823 2223 κλαπεῖςα
850 2157 894 2222 εἰς
918 2159 1039 2235 (κῦρον
1067 2156 1193 2234 ἐξετέθη
1218 2153 1277 2219 ὑπ’
1299 2155 1408 2220 αὐτοῦ.

367 2247 426 2311 ούκ
448 2247 527 2326 ἠςαν
551 2249 586 2311 δὲ
610 2246 675 2311 ἀπὸ
698 2252 755 2325 τῆς
778 2246 924 2326 ἁρπαγῆς
951 2246 1078 2323 Ἑλένης
1102 2245 1163 2308 έιιις
1185 2249 1241 2323 τῆς
1261 2244 1411 2309 άλώςειιις

366 2331 397 2400 κ’
422 2336 486 2415 ἔτη.
514 2336 572 2400 οὐκ
591 2336 631 2402 ἂν
654 2337 715 2415 γάρ
741 2336 780 2401 ἂν
799 2336 910 2414 καιρὸν
934 2334 1020 2414 εἶχεν
1040 2332 1249 2416 <Ὀδυςςεὺς>
1269 2339 1409 2412 γαμηθῆ-

368 2425 619 2508 ναιΠηνελόπῃ
642 2426 693 2489 καὶ
716 2425 902 2503 Τηλέμαχος
925 2425 965 2503 ἦν
989 2423 1029 2488 ἂν
1053 2418 1085 2486 λ’
1109 2423 1205 2487 ἑτῶν·
1229 2427 1304 2486 παῖς

459 2535 572 2613 νῆπιος
595 2531 670 2596 οὔτε
695 2531 806 2596 πόνων
831 2531 866 2596 εύ
891 2531 984 2597 εἰδὼς
1008 2528 1081 2595 οὔτ’
1104 2527 1255 2609 ἀγοράων
1275 2529 1307 2611 [δ
1328 2529 1406 2612 818]

366 2642 417 2686 και

658 2711 729 2774 ἐπεὶ
752 2710 844 2774 οὔπω
869 2709 955 2788 χερςὶ
979 2710 1118 2773 πέποιθα

460 2796 554 2877 ἄνδρ’
577 2797 791 2864 ἀπαλέξαςθαι
817 2798 854 2880 [π
879 2806 918 2862 71
940 2800 1008 2879 sq.].

365 2905 384 2984 ἡ
408 2907 444 2970 δέ
468 2905 562 2984 ἑτέρα
584 2904 705 2984 ἱςτορία
728 2899 975 2988 διαψεύδεταιέ)

234 2999 387 3075 putaveris
406 2999 606 3075 posteriorum
625 2998 743 3057 fabulas
763 2997 798 3056 de
813 2998 1010 3074 Neoptolemo
1030 2997 1117 3074 Scyri
1138 2997 1263 3058 educato
1282 2997 1409 3057 refutari

234 3088 410 3164 defendique
436 3087 615 3149 sententiam
631 3086 797 3147 Aristarchi
815 3088 866 3163 qui
881 3086 1008 3164 Scyrum
1023 3087 1163 3163 oppidum
1179 3086 1305 3146 Troadis
1329 3086 1408 3145 haud
1452 3159 1454 3164 Ι

232 3176 321 3236 aliter
344 3181 434 3254 atque
457 3177 607 3237 Pedasum
630 3177 815 3253 Lyrnessum
839 3177 973 3236 Thebam
1000 3177 1038 3234 ab
1061 3174 1178 3235 Achille
1204 3178 1408 3253 expugnatum

233 3285 297 3325 csse
324 3267 444 3342 putavit
476 3285 654 3343 versumque
682 3262 708 3326 Τ
732 3268 795 3326 327
826 3265 911 3325 obelo
941 3256 1099 3344 notavitfl)
1146 3262 1277 3341 Obstant
1308 3268 1409 3325 autem

309 3420 328 3488 ¹)
349 3419 430 3473 BLd:
450 3422 532 3487 φαςίν
553 3421 675 3486 Ἀχιλλέα
698 3419 753 3473 ἀπὸ
777 3423 827 3486 τῆς
849 3419 920 3486 πρὸς
937 3418 1067 3485 Τήλεφον
1090 3418 1299 3483 ἀναζευγνύντα
1322 3419 1411 3485 μάχης

232 3495 463 3559 προςορμιςθῆναι
482 3493 549 3545 ἑκέι·

463 3580 606 3648 Πηλείδην
625 3581 655 3634 δ’
674 3581 787 3648 Ἀχιλῆα
806 3581 874 3648 φέρε
894 3580 1031 3647 (κθρόνδε
1050 3581 1158 3632 θύελλα.

233 3671 288 3722 έςτι
307 3671 337 3724 δέ
356 3671 386 3724 έν
405 3677 439 3738 τῆ
459 3669 559 3740 Εὐβοίᾳ
579 3673 661 3736 νῆςος
674 3669 784 3734 λιμένας
802 3671 901 3734 ἔχουςα
916 3667 1064 3734 Ἀχίλλειον
1080 3670 1124 3721 καί
1140 3669 1262 3736 Κρήςιον.
1286 3669 1409 3721 Νεοπτό-

232 3744 314 3807 λεμος
333 3744 363 3797 δέ
382 3743 506 3796 ἀπὸτοῦ
525 3743 631 3808 πατρὸς
655 3741 811 3805 ὠνόμαςται
834 3741 877 3793 ὅτι
900 3740 963 3793 νέος
986 3741 1026 3793 ὢν
1045 3740 1223 3806 έπολέμηςεν·
1247 3740 1301 3792 ἔςτι
1321 3739 1351 3791 δὲ
1370 3739 1409 3792 ιὶίς

232 3828 304 3867 τινες
327 3814 354 3868 ἐξ
379 3811 547 3881 Ἰφιγενείας·
573 3814 639 3879 φηςί
666 3811 720 3877 γὰρ
748 3813 852 3879 Δοῦρις
880 3811 922 3864 ότι
951 3815 1079 3866 κλαπεθςα
1102 3810 1140 3864 εἰς
1164 3810 1268 3876 (κῦρον
1296 3809 1408 3876 ἐξετέθη

233 3885 285 3937 ὑπ’
303 3886 398 3939 αύτοῡ.

304 3959 321 4022 ἡ
343 3957 373 4010 δέ
388 3957 468 4023 ἑτέρα
483 3955 587 4024 ἱςτορία
602 3955 791 4019 διαψεύδεται·
812 3955 864 4020 ὅρα
884 3955 914 4008 δὲ
932 3959 992 4007 πῶς
1006 3955 1061 4007 ἀπὸ
1075 3955 1184 4017 γενικῆς
1202 3949 1240 4003 εἰς
1254 3947 1408 4017 αἰτιατικὴν

233 4028 413 4093 ήμετάβαςις
431 4028 555 4093 γέγονεν.
593 4027 722 4092 ὀδύρεται
745 4026 775 4078 δέ
794 4029 846 4092 τὴν
871 4024 942 4079 ἰδίαν
966 4025 1081 4091 ἀτυχίαν
1106 4024 1144 4077 ιίις
1165 4022 1229 4074 ίςως
1251 4021 1337 4074 αὐτὸν
1362 4025 1408 4075 καὶ

233 4098 294 4151 uicis
310 4099 498 4166 ςτερήςουςαν.
518 4097 650 4150 Extrema
660 4112 709 4150 suo
719 4111 796 4149 more
810 4093 942 4149 librarius
954 4095 1036 4150 docto
1052 4091 1158 4148 scholio
1168 4093 1273 4145 temere
1288 4089 1406 4146 addidit.

233 4200 266 4209 -
287 4170 307 4236 ²)
328 4167 367 4222 cf.
387 4166 579 4222 Aristonicum
597 4167 634 4220 ad
653 4170 659 4221 Ι
679 4171 731 4222 668
750 4168 793 4221 ότι
818 4168 862 4221 διὰ
880 4170 991 4221 τούτων
1011 4170 1055 4220 καί
1073 4168 1125 4233 τῆν
1140 4164 1245 4230 (κῦρον
1263 4167 1408 4231 πεπολιορ-

233 4242 355 4307 κημένην
374 4241 428 4294 ὑπὸ
451 4241 594 4306 Ἀχιλλέως
612 4240 755 4306 μετὰτῶν
774 4240 866 4293 ἄλλων
884 4239 993 4293 πόλεων
1011 4235 1196 4304 παραδίδωςιν
1215 4234 1244 4288 et
1257 4232 1409 4304 Didymum

234 4310 270 4364 ad
289 4313 311 4366 Τ
330 4319 381 4366 327
401 4314 445 4366 καί
471 4312 669 4379 Ἀριςτοφάνης
686 4311 835 4378 προηθέτει
853 4311 903 4364 τὸν
923 4309 1026 4375 ςτίχον,
1050 4310 1089 4361 ὥς
1111 4324 1177 4374 φηςι
1203 4305 1407 4373 Καλλίςτρατος.

233 4383 311 4437 τότε
326 4384 379 4450 γὰρ
398 4384 442 4437 aar
455 4384 554 4436 παιδὸς
572 4385 670 4451 κομιδῆ
685 4385 808 4447 λέγεςθαι
827 4385 1003 4435 διςτακτικιῑις
1021 4379 1113 4432 εἵπου
1128 4380 1168 4433 ἔτι
1182 4379 1246 4434 ζώει
1260 4380 1305 4431 καί
1318 4378 1408 4431 ταῦτα

234 4456 318 4522 μηδὲ
337 4455 451 4523 πόρρω
470 4457 529 4520 τῆς
547 4454 677 4522 (κύρου
697 4453 852 4519 κειμένης
871 4455 996 4506 ὕποπτον
1015 4454 1071 4508 κτλ.
