3086 5124
237 238 279 293 De
298 235 413 293 scholiis
432 237 588 293 Homericis
607 237 644 294 ad
661 237 811 294 historiam
829 237 986 294 fabularum
1004 238 1220 310 pertinentibus.
1254 239 1319 306 457

63 449 68 472 r
146 407 300 484 scripsere.
337 407 403 467 Huc
425 408 519 485 igitur
537 409 711 468 referendae
735 411 805 468 sunt
828 427 904 486 6666
928 408 1006 468 inter
1029 408 1141 469 scholia
1164 411 1323 471 Homerica

146 501 177 556 et
200 497 483 573 Seytobrachicnem
506 496 689 557 intercedere
712 498 890 557 videbantur
910 498 1120 558 similitudines
1152 497 1201 575 [ef.
1225 500 1262 559 de
1286 500 1321 562 D.

146 587 192 646 Sc.
215 607 243 662 p.
268 583 338 662 57]3
361 589 517 662 praeterea
540 587 732 646 conferantur
761 606 836 663 quae
861 587 898 646 66
920 587 1030 648 Bacchi
1051 592 1125 646 natu
1149 588 1228 664 apud
1250 589 1321 649 Dio·

82 749 84 756 ,
146 675 252 736 dorum
281 674 534 751 Scytubrachione
560 678 682 735 auctore
711 678 851 734 enarrata
879 695 944 735 6666
969 674 1029 752 [III
1054 677 1190 736 64.1111
1215 675 1247 753 2]
1272 679 1322 737 de·

144 763 309 825 monstravi
333 762 365 840 [l.
380 783 403 822 c.
417 785 447 839 p.
461 761 528 840 46],
551 784 618 824 cum
644 764 822 840 Apollodoro
843 764 889 823 ΙΙΙ
912 768 942 841 4,
967 767 985 825 3
1010 765 1180 842 scholioque
1200 763 1228 826 Ξ
1248 770 1322 827 325.

146 853 356 929 Lysimachum
375 852 407 911 in
425 853 503 913 libro
522 853 558 912 66
577 853 742 929 paradoxis·
759 853 910 914 Thebanis
929 853 965 912 66
985 852 1097 913 Cadmo
1114 856 1212 916 multa
1229 856 1321 916 tradi·

146 942 226 1002 disse
243 945 346 1002 notum
368 945 415 1001 est
437 961 474 1000 66
497 943 599 1003 scholl.
623 943 679 1018 Ap.
694 943 766 1019 Arg.
781 943 827 1002 Ill
844 945 937 1003 1179.
955 945 1049 1019 1186,
1072 961 1166 1020 66666
1191 944 1322 1004 dubitari

145 1031 216 1092 licet
234 1031 307 1108 quin
326 1031 425 1090 omnia
443 1047 518 1107 quae
537 1031 580 1091 ibi
599 1051 634 1090 66
654 1032 745 1092 variis
764 1025 961 1107 scriptoribus
980 1030 1165 1110 adferuntur,
1184 1033 1323 1093 similiter

144 1123 234 1196 atque
258 1121 349 1180 schol.
372 1120 387 1179 I
413 1122 475 1180 168
501 1139 537 1179 66
559 1120 739 1197 Lysimacho
763 1121 920 1196 desumpta
943 1121 1011 1182 sint.
1047 1120 1141 1196 Atqui
1164 1122 1195 1180 ln
1218 1121 1323 1182 Cadmi

144 1210 256 1284 fabula,
279 1227 356 1285 quae
374 1209 406 1267 in
424 1209 606 1269 bibliotheca
631 1208 735 1286 [1114,
753 1207 785 1285 1]
810 1209 913 1268 scholl.
936 1209 1041 1270 Aesch.
1066 1208 1147 1285 Sept.
1162 1213 1225 1271 469
1250 1212 1321 1271 Eur.

144 1298 255 1358 Phoen.
286 1300 349 1358 636
380 1298 490 1375 Hygin
520 1299 581 1361 fab.
609 1297 790 1358 CLXXVIII
818 1299 862 1358 ita
889 1301 1029 1358 enarrata
1056 1303 1103 1358 666
1130 1302 1164 1359 66
1192 1318 1258 1358 eam
1285 1319 1322 1359 66

146 1386 329 1464 compendiis
351 1388 390 1446 ab
410 1387 547 1446 omnihus
565 1387 758 1463 compilatam
773 1406 838 1446 csse
858 1390 1025 1464 appareret,
1040 1389 1194 1456 oraculum
1209 1387 1320 1450 Cadmo

145 1476 249 1536 datum
268 1494 333 1536 6666
356 1475 487 1534 traditur
506 1479 540 1535 ut
559 1480 735 1552 sequoretur
753 1477 860 1536 bovem
880 1476 942 1536 sive
961 1477 1039 1552 apud
1055 1475 1157 1551 ipsum
1174 1479 1321 1554 templum

145 1568 348 1626 occurrentem
358 1558 383 1645 ¹)
421 1564 483 1624 sive
519 1564 551 1623 in
585 1564 715 1624 Phocide
753 1568 892 1641 emptam.
945 1565 1023 1624 Illud
1059 1566 1173 1626 habent
1209 1567 1321 1626 scholia

143 1653 345 1729 Aeschyleum
377 1652 643 1729 Euripideumque.
663 1655 802 1730 alterum,
829 1655 885 1713 666
917 1654 1069 1730 Hyginus,
1101 1655 1223 1715 confuse
1257 1675 1321 1717 rem

144 1745 249 1804 narrat
276 1741 486 1817 Apollodorus.
530 1740 609 1801 Olim
639 1746 739 1802 autem
768 1742 851 1812 duas
874 1742 1060 1802 narrationes
1090 1743 1175 1802 iuxta
1206 1744 1320 1820 positas

33 1843 37 1852 '
146 1831 239 1892 fulsse
263 1830 331 1889 inde
351 1830 434 1906 sequi
457 1829 576 1890 videtur
594 1831 673 1907 6666
691 1833 787 1890 altero
807 1831 918 1891 scholio
937 1831 1097 1907 Euripidae
1117 1832 1190 1908 ipsis
1209 1833 1321 1893 oraculi

145 1919 284 1980 versibus
317 1919 459 1978 suadetur
486 1923 521 1980 ut
548 1921 603 1980 bos
631 1920 662 1978 in
690 1913 822 1980 Ρ6οοί66Ι
846 1923 1009 1995 emeretur,
1037 1938 1111 1995 6666
1139 1922 1321 1996 praecedunt

43 2005 44 2010 ’
146 2003 270 2082 Κάδμος
293 2006 397 2082 ζητῶν
420 2005 479 2082 τὴν
502 2003 585 2069 ἰδίαν
608 2003 754 2084 ἀδελφὴν
778 2005 934 2083 Εὐρώπην
957 2009 1109 2082 μαντεῖον
1128 2004 1224 2086 ἔλαβε
1248 2007 1320 2085 περὶ

144 2097 200 2172 τῆ(
228 2090 372 2172 ἀδελφῇ(
399 2092 496 2157 οὐδὲν
524 2093 612 2177 αὐτῷ
640 2099 793 2173 (ημαῑνον
826 2091 909 2157 ἀλλ’
938 2093 1031 2157 ὥετε
1064 2093 1182 2158 αὐτὸν
1215 2094 1319 2160 ἐξελ-

145 2181 264 2247 θόντα
297 2181 452 2246 ἕπετθαι
487 2182 545 2262 βοῑ
573 2183 624 2246 καὶ
652 2181 691 2246 οὑ
719 2183 759 2247 ἂν
787 2181 966 2261 αὐτόματος
994 2183 1072 2265 πέτῃ
1100 2180 1179 2248 ἔνθα
1206 2183 1320 2250 κτίζειν

144 2269 240 2335 πόλιν
267 2273 364 2350 magis
396 2274 434 2333 ad
470 2275 596 2334 alteram
628 2275 831 2334 narrationem
868 2275 1025 2350 quadrant.
1075 2275 1140 2333 Iam
1180 2275 1320 2353 inspicias

144 2363 317 2439 Lysimachi
339 2363 452 2440 copias:
475 2367 555 2423 certe
579 2364 676 2424 altera
698 2365 818 2424 fabulae
841 2366 938 2424 forma
961 2364 1005 2423 ita
1027 2363 1163 2423 adfertur
1185 2368 1220 2424 ut
1242 2366 1318 2425 alte·

145 2471 210 2511 ram
241 2453 313 2514 olim
341 2452 508 2529 oppositam
536 2453 628 2513 luisse
655 2472 716 2513 non
743 2454 806 2513 sine
833 2453 898 2512 veri
923 2453 1117 2513 similitudine
1145 2453 1319 2514 coniciatur:

145 2538 181 2602 ἐν
201 2538 237 2600 δὲ
256 2537 329 2622 τῇῨ
348 2537 371 2620 †
391 2539 553 2603 Μουεαῑοτ
577 2538 818 2620 Τιτανογραφίᾳ
842 2539 967 2614 λέγεται
991 2536 1036 2601 rire
1061 2537 1184 2616 leucoe
1207 2539 1243 2603 ἐκ
1261 2543 1318 2604 τοῦ

145 2627 313 2705 Δελφικοῦ
337 2627 512 2704 ἐπορεύετο
532 2628 836 2706 προκαθηγουμένηε
855 2625 942 2710 αὐτῷ
963 2631 1018 2705 τῆ(
1039 2625 1121 2706 socc.
1159 2627 1320 2692 Praeterea

145 2735 251 2776 moneo
279 2737 355 2794 quae
381 2720 414 2778 iu
441 2718 554 2780 scholio
582 2719 779 2798 Lysimachec
807 2738 843 2779 66
870 2719 1040 2795 Pherecyde
1069 2723 1208 2796 excerpta
1240 2724 1319 2798 sunt,

147 2806 244 2866 redire
268 2808 587 2885 apudApollodcrum
612 2805 673 2885 [III
696 2812 726 2886 4,
751 2814 778 2886 1,
803 2805 847 2885 5].

236 2894 295 2955 Sed
314 2896 403 2956 redeo
426 2897 464 2955 ad
488 2898 600 2956 scholia
622 2899 791 2959 Homerica.
827 2896 953 2956 Roberti
975 2914 1066 2972 opera
1088 2896 1201 2956 factum
1220 2900 1267 2957 est
1284 2901 1319 2958 ut
1368 2909 1373 2918 ’

146 2985 356 3044 Eratosthenis
380 2986 639 3046 catasterismosa
661 2988 823 3048 scholiasta
845 3004 910 3046 esse
934 2988 1088 3060 excerptos
1117 2985 1245 3045 sufficiat
1268 2987 1319 3045 66-

146 3075 261 3134 notare.
298 3074 355 3133 Hic
382 3092 499 3150 quoque
528 3075 554 3134 si
578 3075 636 3134 666
660 3076 773 3136 scholia
795 3075 896 3150 priora
914 3069 936 3134 Ε
955 3075 1019 3134 486
1039 3092 1106 3132 cum
1125 3075 1216 3134 tertio
1239 3093 1317 3134 com·

145 3162 308 3239 paraveris,
332 3158 480 3237 Icropiurc
495 3182 532 3222 66
546 3163 760 3240 copiosioribus
779 3155 1021 3224 adnotationibus
1045 3163 1192 3239 excerptis
1205 3182 1318 3224 novum

145 3251 236 3312 addes
277 3252 454 3328 exemplum.
515 3251 572 3322 oui
607 3272 678 3313 vcro
720 3253 751 3312 in
788 3252 912 3311 alterius
955 3251 1058 3310 scholii
1100 3251 1317 3329 subscriptione

144 3339 283 3398 dicuntur·
305 3341 418 3420 cyclici,
441 3342 478 3400 de
500 3342 548 3401 his
571 3342 684 3418 aliquid
707 3341 781 3402 certi
804 3341 898 3400 statui
925 3359 1056 3415 unquam
1078 3359 1166 3416 posse
1195 3345 1319 3418 propter·

143 3427 373 3488 incertissimam
401 3430 652 3507 subscriptionum
674 3431 765 3490 fidem
791 3431 854 3498 fere
882 3430 1015 3505 despero.
1063 3427 1226 3490 866661Ψ
1254 3432 1317 3491 346

144 3516 254 3594 quippe
281 3517 333 3576 ubi
356 3518 460 3578 eadem
482 3520 660 3598 genealogia
681 3518 822 3581 tradatur
844 3521 934 3594 66666
961 3536 1036 3594 6666
1059 3517 1091 3576 in
1115 3518 1226 3578 scholio
1249 3518 1317 3579 Vic-

142 3605 260 3666 toriano
282 3605 451 3667 uindicatur
472 3610 570 3686 cyclo,
594 3609 842 3686 subscriptionem
861 3626 898 3666 66
924 3606 976 3665 illo
999 3605 1065 3683 ipso
1090 3607 1201 3667 scholio
1220 3611 1318 3667 ortam

143 3713 209 3756 6666
227 3694 393 3772 putaveris,
418 3695 454 3754 de
478 3700 585 3758 ceteris
608 3699 681 3759 locis
704 3697 780 3757 nihil
801 3697 873 3756 licet
893 3695 953 3755 nisi
970 3695 1155 3755 coniecturas
1173 3696 1316 3771 proferre.

142 3784 278 3860 Denique
306 3785 408 3845 scholl.
435 3782 468 3847 Π
492 3788 555 3846 233
586 3783 611 3848 Χ
637 3790 699 3848 166
728 3803 749 3862 χ
773 3791 791 3847 9
821 3805 858 3845 er
879 3783 1155 3861 paroemicgraphis
1179 3787 1317 3861 excerpta

148 3891 213 3933 esse
235 3872 323 3933 facile
346 3873 496 3952 intellegit
530 3865 541 3934 ’.

230 3961 331 4024 Altius
353 3982 425 4023 vero
448 3963 480 4022 in
512 3983 547 4023 ea
575 3964 688 4024 scholia
718 3963 926 4040 inquirendum
960 3965 1019 4038 est,
1054 3961 1162 4038 quibus
1195 3962 1316 4022 nomina

108 4051 319 4129 »Apollodori
337 4051 541 4129 Lycophronis
559 4053 677 4130 Dictyis
700 4053 868 4128 subscripta
886 4054 965 4112 6666.
1003 4051 1149 4122 Quoniam
1173 4053 1252 4111 enim
1270 4052 1315 4111 illi

143 4143 213 4198 6666
240 4141 474 4217 Byzantinorum
502 4145 634 4202 aetatem
661 4146 798 4202 auctores
825 4140 961 4200 adhiberi
992 4159 1052 4199 non
1082 4141 1230 4217 solebant,
1263 4159 1315 4200 666

142 4229 374 4305 subscriptiones
393 4232 514 4291 nonita
531 4233 566 4291 ut
584 4236 701 4293 ceterae
720 4251 755 4292 66
777 4231 850 4307 ipsis
874 4225 994 4291 scholiIs
1013 4229 1154 4290 videntur
1176 4249 1241 4290 esse
1265 4229 1314 4288 66-

218 4416 239 4486 1)
259 4415 319 4472 Hoc
337 4418 425 4473 habet
442 4419 529 4474 etiam
547 4418 665 4475 Ovidius
683 4421 749 4475 met.
768 4419 807 4472 III
827 4426 860 4474 10
871 4437 911 4488 sq.

196 4517 301 4559 666661.
312 4517 378 4558 cluss.
392 4519 451 4560 Phil.
471 4519 550 4568 suppl.
568 4521 611 4561 Bd.
621 4521 676 4560 XII.
1069 4514 1103 4562 30
