3086 5124
222 255 289 320 462
647 257 793 313 Εάυιικάιιυ
813 259 967 314 Schwartz:

299 425 422 487 διπλῶν
446 425 562 501 μεταξὺ
581 422 741 502 χοιράδων
762 424 913 503 ςαρούμε-
942 423 1022 489 ὥςτε
1040 425 1185 488 πολλούς
1205 425 1312 489 αὐτῶν
1327 429 1396 489 δια-

720 532 787 576 νον.
942 518 1111 594 φθαρῆναι.
1165 514 1396 592 διανηξάμενος

305 602 474 678 Γυραῑςιδ
457 599 544 665 δ’ἐν
571 602 712 681 πέτραιςι
740 601 914 680 τερςαίνιιιν
941 604 977 667 δὲ
1012 600 1087 666 Αἴας
1124 601 1170 666 εἰς
1205 602 1262 667 τάς
1297 605 1316 668 Γ
1317 603 1394 681 υρα

719 690 821 769 πτερὰ
942 696 998 755 δας
1041 693 1238 769 καλουμένας
1275 694 1395 772 πέτρας

304 766 460 845 ςτάζοντα
488 777 610 843 πόντου
635 781 787 858 δευτέραν
811 778 913 859 ἅλμην
940 779 1033 858 ἔλεγε
1049 800 1144 859 χωρις
1162 784 1247 845 θεῶν
1266 781 1395 860 γνώμης

718 867 826 933 ςπάςει
940 873 1156 935 διαςεςῶςθαι
1174 871 1343 934 Ποςειδῶν
1357 872 1395 934 δὲ

304 953 493 1035 βληθειςάπ’
502 955 914 1041 ὄχθωντῷπριωνύχῳδορὶ
941 957 1159 1037 άγανακτήςας
1183 961 1313 1037 διέςχιςε
1335 961 1396 1038 τὴν

303 1044 328 1127 ᾧ
367 1065 417 1109 νιν
455 1047 608 1124 κολαςτὴς
641 1046 745 1110 δεινὸς
778 1046 913 1111 ούτάςας
941 1049 1061 1126 πέτραν
1098 1068 1149 1111 και
1184 1048 1242 1113 τὸν
1274 1047 1396 1113 Αἴαντα

717 1136 857 1214 Λατρεύς
940 1141 1003 1220 τῷ
1017 1137 1154 1200 κλύδωνι
1192 1139 1395 1215 παρέδωκεν·

301 1219 471 1298 άναγκάςει
486 1222 637 1302 φάλλαιςι
657 1229 824 1288 κοινωνεῖν
839 1223 912 1304 δρό-
940 1199 1111 1305 έιέριφέντα
1134 1227 1170 1289 δὲ
1194 1226 1294 1290 αὐτὸν
1313 1228 1396 1290 κατὰ

718 1332 779 1389 μου
940 1316 1053 1393 Δῆλον
1067 1315 1182 1392 νεκρὸν
1197 1315 1288 1379 Θέτις
1302 1317 1395 1394 ἐλεή-

302 1399 443 1476 κόκκυγα
488 1399 692 1479 κομπάζοντα
743 1402 912 1481 μαψαύρας
940 1424 1016 1467 ςαςα
1046 1402 1166 1469 θάπτει
1213 1401 1327 1483 Ἀθηνᾶ
1356 1407 1394 1468 δέ

717 1490 857 1570 ςτόβους.
939 1491 1008 1556 οὐδ’
1054 1491 1157 1556 οὕτως
1194 1498 1249 1572 τῆς
1278 1493 1395 1602 ὀργῇς

301 1576 467 1657 ψυχρὸνδ
477 1576 531 1642 ἐπ’
541 1577 732 1659 ἀκταῖςέκβε
737 1581 951 1660 βραςμένον’
938 1581 1098 1646 επαύςατο
1128 1581 1210 1645 άλλά
1239 1582 1289 1646 καὶ
1316 1584 1395 1646 τοὺς

719 1671 814 1734 νέκυν
938 1671 1079 1749 Λοκρούς
1121 1669 1298 1747 ἠνάγκαςεν
1339 1672 1395 1736 ἐπὶ

300 1758 455 1834 δελφῖνος
483 1755 568 1820 ἀκτὶς
597 1756 701 1835 (ειρία
729 1763 910 1823 καθαυανεῖ.
938 1759 1022 1836 χίλια
1059 1758 1114 1837 ἔπη
1151 1759 1195 1823 εἰς
1228 1759 1370 1824 Ἴλιον’
1357 1781 1395 1824 εκ

299 1843 431 1923 τάριχον
459 1846 495 1909 ἐν
528 1845 629 1922 μνίοις
658 1847 693 1909 δὲ
721 1848 771 1910 καὶ
805 1848 910 1926 βρύοις
938 1849 1394 1927 κλήρουπαρθένουςπέμπειν.

715 1937 837 2014 ςαπρὸν
937 1939 955 2016 ἡ
989 1936 1109 2016 ἱςτορία
1150 1937 1236 2016 παρὰ
1279 1938 1393 2002 Καλλι-

219 2029 282 2086 399
298 2021 909 2108 κρύψεικατοικπίςαςαΝηςαίαςκάςιςέ.)
938 2025 1029 2108 μάχῳ
1067 2027 1103 2090 ἐν
1141 2033 1163 2089 6
1194 2025 1304 2102 αἰτίων
1336 2027 1391 2090 καὶ

222 2111 333 2176 1151‘
320 2116 408 2188 υμεῑς
423 2111 509 2189 έμάιν
525 2111 611 2176 ἕκατι
626 2112 909 2192 δυςςεβῶνγάμων
935 2114 1024 2201 παρά
1060 2119 1106 2198 τῷ
1139 2121 1253 2199 ποιητῇ
1287 2115 1323 2179 ἐν
1352 2121 1393 2194 τῆ

320 2200 434 2264 ποινάς
449 2199 565 2283 Γυγαίη
579 2199 676 2264 τίςετ’
694 2200 837 2286 Ἀγρίςκᾳ
851 2207 908 2286 θεᾷ
935 2193 954 2266 δ
982 2209 1038 2282 τῆς
1071 2203 1250 2270 Ὀδυςςείας
1287 2224 1393 2282 παχυ-

319 2289 377 2354 τὸν
410 2289 562 2368 χιλίωρον
594 2291 651 2354 τὰς
684 2265 1047 2375 ἀνυμφεύπουέλμερῶς.

716 2379 836 2458 χρόνον

222 2472 304 2542 1153
321 2464 427 2531 πάλον
466 2466 623 2546 βραβείαις
661 2473 908 2547 γηροβοςκούςαι

714 2577 819 2636 κορας.

216 2651 338 2725 praeter
367 2667 403 2707 ea
430 2668 506 2725 quae
537 2668 573 2708 ex
600 2650 618 2709 6
644 2653 705 2710 502
718 2669 760 2726 sq.
789 2651 892 2712 addita
920 2655 989 2711 sunl
1013 2650 1111 2712 omnia
1134 2670 1170 2710 ex
1193 2651 1392 2729 Lycophrona

218 2737 381 2814 desumpta·
404 2756 469 2798 esse
496 2756 557 2798 non
584 2740 740 2816 negaven'e
767 2741 944 2816 praesertim
972 2761 1040 2800 cum
1068 2739 1243 2801 Callimachi
1276 2742 1390 2802 mentio

216 2826 386 2896 invenietur
409 2827 501 2888 schol.
524 2827 595 2904 Lyc.
617 2830 715 2888 1141:
741 2827 853 2903 λοιμοῦ
873 2824 1087 2904 καταςχόντος
1106 2827 1164 2904 τὴν
1181 2825 1317 2904 Λοκρίδα
1337 2827 1391 2891 διὰ

217 2914 276 2991 τὴν
304 2911 349 2976 εἰς
373 2910 558 2990 Κατάνδραν
586 2911 819 2991 άθεμιτομιξίαν
842 2913 978 2979 Αἴαντος
1006 2913 1138 2993 έχρηςεν
1167 2914 1184 2992 ἡ
1209 2915 1283 2979 θεὸς
1306 2937 1388 2994 παρ-

218 3002 331 3066 θένους
360 3001 550 3065 ἐνιαυςιαίας
578 3001 623 3066 εἰς
647 3002 766 3080 Τροίαν
794 3008 833 3087 τῇ
856 3001 972 3086 Ἀθηνᾷ
995 3001 1204 3067 ἀποςπέλλειν
1227 3004 1279 3068 ἐπὶ
1303 3003 1389 3081 χίλια

217 3089 272 3168 έτη
287 3137 384 3154 .....
417 3090 533 3168 ταύτης
566 3092 601 3154 δὲ
635 3095 690 3168 τῆς
722 3090 858 3169 ἱςτορίας
887 3093 937 3156 καὶ
966 3091 1165 3171 Καλλίμαχος
1194 3090 1389 3179 μέμνηταιῖ).

217 3182 371 3242 Βὶιπίλίδοτ1
385 3184 518 3243 scholion
541 3185 617 3257 685
642 3203 764 3259 prorsus
788 3185 892 3243 eadem
915 3185 1007 3244 hebel
1030 3187 1119 3260 atque
1144 3186 1234 3246 schol.
1249 3185 1320 3261 Lyc.
1336 3190 1388 3264 46,

218 3275 307 3332 aucte
334 3271 391 3332 loci
415 3271 566 3332 Homerici
593 3272 782 3349 paraphrasi,
810 3293 906 3350 neque
929 3275 961 3332 in
984 3273 1201 3349 subscriptione
1225 3271 1243 3348 6
1268 3271 1388 3350 ἱςπορία

219 3356 306 3436 παρὰ
334 3357 495 3440 Διονυςίῳ
527 3361 708 3420 haerendum
742 3366 789 3422 est
816 3364 955 3439 quoniam
984 3362 1063 3439 quod
1094 3364 1312 3438 praescriptum
1341 3369 1388 3424 est

219 3449 338 3526 Scyllae
366 3454 493 3510 stemma
520 3469 557 3509 ex
589 3451 699 3510 scholio
732 3469 752 3526 μ
777 3455 839 3512 ’124
868 3453 1060 3528 desumptum
1093 3470 1158 3512 esse
1192 3453 1388 3528 probabiliter

217 3532 402 3620 conicitur.³)
449 3539 514 3599 Hoc
537 3540 616 3598 enim
639 3559 706 3599 cum
730 3541 843 3601 scholio
862 3542 918 3617 Ap.
942 3541 1014 3616 Arg.
1040 3539 1100 3598 llll
1125 3543 1188 3601 828
1213 3560 1388 3617 componen-

217 3627 288 3687 dum
311 3628 511 3705 Dionysioque
537 3627 783 3705 Scyiobrachioni
811 3629 1019 3690 vindicandum
1048 3648 1114 3690 esse
1137 3630 1201 3690 veri
1225 3637 1271 3690 est
1294 3631 1385 3690 simil-

217 3715 323 3776 limum
356 3714 406 3793 [cf.
440 3716 475 3775 de
499 3716 586 3778 Dion.
612 3718 657 3779 Sc.
679 3738 707 3794 p.
732 3716 803 3795 57],
836 3718 948 3778 scholio
980 3738 1051 3779 vero
1080 3719 1279 3795 Apolloniano
1307 3719 1387 3778 idem
1446 3728 1450 3736 '

215 3807 344 3865 stemma
376 3809 464 3882 atque
499 3807 589 3866 schol.
614 3824 635 3881 μ
658 3809 698 3867 85
733 3808 844 3885 legitur
870 3808 1003 3868 Acusilai
1035 3807 1207 3868 testimonio
1239 3808 1385 3885 adposilo.

215 3895 319 3971 Neque
347 3895 443 3972 magis
472 3895 576 3956 scholii
600 3893 625 3957 Ν
654 3901 667 3954 1
695 3897 943 3973 subscriptionem
971 3898 1090 3957 obstare
1118 3897 1287 3973 putaverim
1314 3898 1387 3974 quin

217 3988 297 4044 recle
320 3985 393 4046 hoec
415 3988 641 4061 componentur:

260 4074 350 4134 schol
376 4072 400 4134 Ν
427 4077 443 4133 1
474 4073 616 4133 ABDLd
644 4091 694 4134 κε·
722 4074 970 4152 Lycophr.1204
985 4073 1089 4150 νήςοις
1109 4072 1144 4134 δὲ
1164 4069 1314 4149 μακάρων
1332 4070 1385 4147 έγ-

216 4157 331 4236 χώρικε
350 4161 416 4223 τῶν
434 4161 557 4224 λοιπῶν
572 4157 694 4238 Τρώων
1051 4162 1243 4238 κατοικήςεις
1267 4160 1364 4237 μέγας

214 4266 427 4275 ——-——-.-—

290 4299 309 4369 ¹)
329 4297 420 4354 Schol.
444 4304 496 4352 397
521 4297 639 4366 Nncoluc
660 4300 734 4354 κύςις
756 4303 773 4366 ἡ
794 4300 874 4354 Θέτις
889 4341 894 4353 .
911 4340 917 4355 .
934 4341 962 4354 ..
984 4329 1017 4339 -
1039 4300 1059 4367 ²)
1079 4300 1120 4353 De
1140 4315 1170 4352 re
1190 4297 1225 4352 cf.
1245 4297 1384 4355 Welcker.

214 4368 296 4438 Trag.
319 4386 412 4439 graec.
436 4386 462 4437 p.
490 4375 547 4426 164.
573 4401 606 4409 -
631 4370 653 4440 ³)
671 4370 748 4426 Haec
770 4369 830 4424 fieri
855 4370 945 4425 solere
971 4368 1001 4424 in
1019 4370 1148 4438 ἱςτορύαις
1168 4387 1252 4439 supra
1271 4367 1384 4424 demon-

216 4439 304 4497 stravi
325 4440 370 4513 [of.
389 4458 416 4510 p.
436 4441 492 4513 αλλ
