3086 5124
240 246 284 301 De
303 245 416 303 scholiis
434 244 590 302 Homericis
609 245 646 302 ad
663 245 812 302 historiam
829 245 985 300 fabularem
1003 245 1216 317 pertinentibus.
1252 245 1319 313 423

139 417 253 492 tagora
275 413 378 475 llisdis
400 415 551 491 prooemio
576 414 710 475 adhibita
733 433 824 492 quam
850 418 1064 476 commemorat
1084 415 1266 475 Aristoteles
1289 415 1321 474 in

134 502 269 580 'poeticis
293 501 348 580 [το
371 523 401 581 p.
427 501 563 581 meost

233 591 295 652 Vbi
316 592 503 654 Aristoniom
531 593 728 656 adnotaverat
756 591 808 670 [ad
832 587 1025 672 678516'11
1052 589 1192 654 ἐνταῦθα
1219 587 1320 668 μόνον

139 679 298 758 μέμνηται
311 681 369 743 τού
384 679 567 760 (τέντομοτ,
581 703 618 744 ne
636 686 740 744 noster
753 683 873 760 quidem
885 682 1010 742 novitiis
1028 682 1204 758 adsentitur,
1218 685 1320 742 temon

138 789 220 848 quse
243 770 392 832 finxerunt
415 790 475 831 non
497 791 620 848 prorsus
642 773 871 848 praetermittit:

279 861 369 922 sohel.
395 857 416 921 Ε
442 863 504 922 785
528 862 619 922 ABL
648 858 732 922 τινὲ(
761 857 861 923 αὐτὸν
889 853 998 939 Θρᾷκά
1025 875 1135 936 φαειν,
1163 855 1256 946 Ἑρμῇ
1283 857 1319 921 δὲ

279 946 352 1024 περὶ
371 947 620 1026 μεγαλοφωνία(
639 946 786 1026 ἐρίταντα
805 945 1019 1025 ἀναιρεθῆναι,
1039 945 1193 1010 αὑτὸνδὲ
1212 945 1319 1025 εὑρεῖν

278 1035 330 1099 καὶ
355 1037 415 1114 τὴν
442 1034 495 1099 διὰ
521 1035 642 1115 κόχλου
669 1038 814 1115 μηχανὴν
843 1034 888 1100 εἰ(
916 1035 973 1098 τὰ(
1001 1033 1117 1114 μάχατ·
1146 1031 1223 1098 ἀλλ’
1245 1033 1319 1102 ἔθο(

277 1123 405 1208 Ομήρῳ
427 1127 496 1188 τοι(
519 1129 675 1204 παρούιιν
698 1123 832 1191 εἰκάζειν
855 1125 931 1189 τού(
954 1123 1057 1188 θεούτ.
1085 1124 1169 1189 τινε(
1192 1123 1228 1186 δὲ
1252 1120 1318 1203 ’Ao-

277 1211 359 1277 κάδα
377 1213 474 1292 φατὶν
492 1211 574 1279 εἶναι
592 1215 651 1279 τὸν
664 1214 824 1294 (τέντορα
842 1213 947 1279 καὶέν
966 1217 1013 1297 τῷ
1031 1211 1201 1296 καταλόγῳ
1220 1211 1318 1276 πλάτ-

276 1320 364 1366 τουτι
386 1303 460 1381 περὶ
483 1302 583 1367 oeteo
606 1301 739 1381 (τίχουτ.
747 1298 773 1389 ¹)

232 1395 277 1454 De
300 1394 442 1455 Thersite
467 1396 544 1456 nihil
571 1396 652 1473 apud
672 1396 888 1472 Aristonieum3
917 1395 1131 1472 grammaticus
1158 1398 1318 1472 postquem

140 1484 343 1560 posteriorum
371 1485 489 1544 fabulas
517 1485 773 1561 commemoravit,
747 1485 840 1544 tob
867 1476 998 1544 Homero
1026 1484 1156 1544 alienam
1183 1501 1248 1545 esse
1272 1503 1319 1544 ex-

140 1571 231 1649 ponit
253 1591 342 1649 quam
364 1573 409 1632 illi
432 1592 500 1658 qum
522 1573 666 1634 Diomede
689 1568 869 1634 tradiderint
890 1573 1113 1633 nenessitatem:

278 1661 368 1723 sohel.
394 1659 416 1722 Β
437 1665 500 1722 212
524 1663 581 1724 BL
606 1660 787 1738 Φερεκύδῃ(
814 1659 850 1722 δὲ
878 1659 930 1722 καὶ
951 1661 1070 1722 τοῦτον
1096 1658 1154 1722 ἕνα
1175 1659 1242 1722 τῶν
1265 1658 1318 1722 ἐπὶ

277 1748 336 1811 τὸν
365 1741 575 1813 Καλυδώνιον·
603 1747 729 1826 κάπρον
761 1745 1019 1826 (τρατευτάντων
1052 1746 1161 1825 φητίν·
1189 1745 1317 1811 ύποδεί

278 1855 376 1901 (αντα
404 1837 439 1900 δὲ
467 1837 519 1901 καὶ
545 1839 604 1916 τὴν
628 1841 687 1901 τού
716 1836 789 1901 (υὸτ
817 1834 1003 1901 ἐκκλίνοντα
1030 1834 1135 1914 μάχην
1162 1834 1226 1898 ὑπὸ
1251 1837 1316 1900 Με-

279 1922 418 2004 λεάγρου
441 1929 758 2006 κατακρημνιτθῆναι·
782 1926 833 1990 διὸ
856 1925 908 1990 καὶ
936 1926 1133 2004 λελωβῆτθαι
1155 1924 1194 1989 τὸ
1217 1926 1320 2003 τωμα

277 2005 403 2092 Ἀγρίου
427 2013 463 2078 δέ
486 2016 538 2079 καὶ
561 2014 643 2080 Δία(
665 2019 722 2094 τῆ(
744 2009 939 2094 Παρθάονο(
967 2012 1067 2078 αὐτόν
1094 2032 1198 2094 φηιιν.
1231 2012 1259 2077 εἰ
1283 2014 1318 2078 δέ

276 2123 314 2178 γε
335 2105 488 2183 (υγχενὴτ
510 2104 551 2184 ἦν
570 2105 762 2185 Διομήδουε,
787 2103 845 2168 οὐκ
868 2101 909 2169 ἂν
927 2101 1028 2167 αὐτόν
1051 2100 1186 2181 έπληξεν
1209 2099 1318 2166 Ὀδυι-

278 2183 362 2256 (εὖτ’
388 2189 464 2258 τού(
491 2193 552 2272 γάρ
576 2193 704 2258 ἰδιώτα(
732 2191 851 2272 μόνου(
879 2190 1024 2257 ἔτυπτεν.
1059 2189 1095 2256 εὖ
1123 2189 1234 2255 δὲκαὶ
1261 2191 1320 2256 oia<

277 2275 343 2344 ἀπὸ
357 2283 479 2361 πατρὸ(
493 2279 593 2347 αὐτὸν
608 2283 793 2360 (υνέττητεν
812 2278 885 2346 οὐδ’
903 2279 968 2344 ἀπὸ
987 2279 1141 2360 πατρίδο(
1159 2277 1235 2344 ἀλλ’
1253 2278 1318 2344 ἀπὸ

277 2374 336 2434 τού
360 2370 483 2450 τρόπου
507 2369 608 2450 μόνου
631 2371 683 2435 καὶ
705 2375 762 2449 τῆ(
785 2370 911 2450 μορφῆ(
934 2366 981 2434 ὧν
1004 2373 1064 2434 νῦν
1086 2368 1185 2448 χρεία.
1368 2381 1370 2385 “

141 2462 226 2522 Num
248 2466 382 2524 extreme
405 2464 555 2525 sententia
577 2464 688 2526 ueteris
712 2463 752 2524 sit
779 2463 969 2542 grammatici
991 2462 1129 2523 dubitare
1151 2462 1230 2522 lieet.
1265 2460 1319 2522 Oe-

140 2555 242 2611 terum
262 2571 298 2612 ex
321 2553 376 2613 hoe
400 2553 512 2613 seholio
530 2554 643 2614 adscito
666 2554 732 2614 loeo
750 2549 909 2615 Homerico
930 2549 1033 2628 [1533
1052 2545 1109 2630 sq.]
1129 2555 1253 2612 eoneute
1272 2555 1320 2612 est
1394 2587 1400 2599 ·

140 2635 263 2716 ίετορία
286 2641 376 2703 sohel.
401 2639 508 2703 3212
530 2643 651 2704 ADLd.

232 2729 416 2810 Pragmatioi
438 2743 555 2808 quoque
579 2731 770 2792 adhibentur.

277 2821 367 2881 schol
386 2809 414 2881 Ζ
434 2824 496 2882 181
517 2819 578 2880 LV
601 2817 629 2881 εἰ
651 2817 689 2881 τὸ
709 2819 824 2882 πλεῖον
847 2817 899 2881 καὶ
922 2813 1114 2895 ἐμπρόεθιον
1133 2815 1229 2894 μέρο(
1251 2813 1318 2894 είχε

274 2906 423 2984 λέοντοτ,
448 2903 517 2970 ἔδει
545 2906 624 2970 αὐτὸ
654 2905 852 2985 χίμαιρανμ
831 2907 871 2984 μὴ
900 2908 1062 2976 καλεῑτθαι
1085 2902 1169 2968 ἀλλὰ
1192 2905 1317 2968 λέοντα.

274 2993 366 3074 ἦν’
329 3013 388 3059 ουν
406 2994 444 3057 τό
460 2997 525 3058 πᾶν
542 2995 681 3074 χίμαιρα,
700 2993 762 3075 ἀφ’
780 3015 819 3059 ου
804 2991 890 3058 καλ
905 2992 1099 3073 ὠνομάζετο,
1118 2994 1264 3072 κεφαλὴν
1282 2994 1318 3056 δὲ

275 3081 341 3161 είχε
370 3082 511 3163 λεαίνητ,
535 3083 636 3163 οὐράν
664 3085 699 3147 δὲ
723 3083 906 3163 δράκοντοτ.
939 3082 1049 3148 τοίνυν
1072 3085 1136 3161 πύρ
1160 3081 1318 3158 εἰτάγεται

276 3169 481 3237 ἀναπνέουεα
510 3172 562 3236 διά
584 3176 642 3236 τού
666 3171 821 3251 (τόματοι
843 3176 902 3236 τοῦ
930 3173 1073 3237 λέοντοτ.
1114 3169 1259 3236 Ἡείοδο(
1281 3172 1318 3235 δὲ

275 3260 422 3342 ἠπατήθη
454 3262 651 3342 τρικέφαλον
683 3262 784 3341 αύτήν
811 3261 912 3327 εἰπών
946 3261 1072 3344 [Theog.
1102 3261 1190 3341 321]¹
1222 3258 1254 3324 οἱ
1281 3260 1318 3324 δὲ

276 3353 452 3415 πανδοκεῖ(
475 3348 556 3416 εἶναι
583 3351 711 3427 λέγουτι
736 3351 860 3415 Λέοντα
884 3350 935 3413 καὶ
963 3349 1137 3429 Δράκοντα
1163 3350 1318 3429 καλουμέ·

277 3457 366 3519 root,
399 3441 496 3519 μέτην
523 3440 559 3504 δὲ
591 3439 701 3510 αὐτῶν
730 3439 984 3517 πανδοκεύτριαν
1009 3438 1172 3518 Χίμαιραν,
1199 3442 1218 3518 ἣ
1242 3440 1318 3504 τού(

275 3527 451 3606 παριόντα(
478 3527 543 3606 ἧψε
572 3529 712 3609 μεληδὸν
735 3529 786 3594 καί
813 3532 882 3593 τοῖ(
909 3525 1020 3592 ἄλλοι(
1048 3531 1182 3606 παρεῖχε
1215 3547 1318 3607 παρα-

274 3619 402 3683 τιθέναι
427 3616 507 3682 ένιοι
526 3619 562 3682 δὲ
581 3616 657 3697 όρο(
676 3616 758 3682 εἶναι
780 3618 861 3682 κατὰ
878 3617 995 3682 Λυκίαν
1013 3618 1033 3681 ὃ
1051 3618 1194 3682 καλειται
1212 3616 1319 3696 Χίμαι-

274 3709 453 3784 ρα·τοθτο
482 3706 518 3770 δέ
543 3707 623 3771 κατά
646 3707 742 3786 μέτον
765 3705 832 3784 ἔχει
855 3703 1086 3786 ἀναφυτήματα
1105 3704 1214 3810 πυρόε,
1238 3706 1318 3771 κατὰ

276 3795 312 3859 δέ
334 3795 375 3859 τὰ
397 3793 479 3873 ἄκρα
500 3796 696 3874 πολύθηρον.

140 3885 264 3948 Initium
283 3887 387 3950 scholii
406 3887 525 3948 etiam
515 3905 548 3948 ιιι
564 3887 590 3948 Β
604 3888 724 3966 legitur.
753 3887 940 3949 Aristonicus
959 3887 1052 3947 adnot
1038 3889 1084 3947 tat
1102 3882 1151 3948 ότι
1171 3883 1208 3949 ἓν
1229 3887 1317 3965 cuno

138 3959 326 4054 ἡΧίμαιρα

273 4067 365 4128 sehet
383 4063 412 4127 Υ
432 4068 496 4127 234
514 4067 609 4128 V...
634 4063 782 4128 Μναεέα(
805 4064 841 4128 δέ
865 4081 961 4142 φηιιν
983 4060 1047 4126 ὑπὸ
1068 4059 1236 4128 Ταντάλου
1259 4062 1315 4144 ἡρ-1

273 4151 389 4218 πά(θαι
412 4151 464 4216 καί
486 4151 523 4216 έν
549 4150 724 4235 κυνηγετίῳ
747 4151 887 4216 πετόντα
915 4155 1056 4231 ταφῆναι
1079 4151 1184 4236 ἐντῷ
1206 4151 1315 4235 Moriar

274 4238 427 4324 Ὀλύμπῳ
456 4240 601 4305 κατὰτὸ
628 4239 719 4320 ἱερὸν
746 4244 805 4305 τοῦ
828 4239 1004 4322 Ὀλυμπίου
1025 4239 1120 4319 Διόι,
1148 4239 1317 4320 Δαιπάδη(

143 4357 356 4375 -η--ὲ-ὶ--ι

215 4433 235 4502 ¹)
253 4431 382 4488 Nestoris
399 4448 502 4500 praeeo
521 4432 625 4488 dieitur
643 4432 730 4487 sohol.
750 4434 770 4487 Β
790 4439 832 4488 96.
