3086 5124
214 276 255 332 ne
274 275 389 334 scaeua
408 245 564 331 nemesus
582 275 619 330 ηι
637 273 786 330 historiam
803 273 960 329 fabulosam
979 272 1191 344 pertinentibus.
1228 271 1294 336 425

254 444 334 504 inv
357 445 552 522 postoomioi
575 462 679 504 versus
703 443 852 521 pergitur:
881 439 1062 518 Φερεκύδης
1090 439 1125 502 δὲ
1154 438 1190 502 ἐν
1213 439 1246 517 ἦ·
1274 437 1293 516 ἡ

255 532 290 594 ὲ
315 531 413 611 Νιόβη
442 531 505 595 ὑπὸ
534 535 592 594 τοθ
620 527 716 608 ἄχεος
744 527 906 608 ἀναχωρεῖ
929 528 973 592 εἰς
997 527 1135 593 (ίπυλον
1161 527 1211 591 καί
1235 525 1295 610 ὁρᾷ

253 621 311 699 τὴν
338 619 435 684 πόλιν
463 617 721 698 ἀνεςτραμμένην
748 619 800 682 καὶ
825 617 980 700 Ταντάλῳ
1010 617 1100 682 λίθον
1127 615 1294 696 ἐπικρεμά-

254 729 363 788 μ,ενον
393 706 570 786 όρᾶταιδὲ
594 713 640 792 τῷ
664 708 719 771 Διὶ
743 707 830 772 λίθος
858 681 1012 784 γενέςθαι.
1056 705 1106 784 ῥεῖ
1133 706 1169 769 δὲ
1198 705 1295 784 αὐτῆς

254 797 375 876 δάκρυα
398 799 449 861 καὶ
473 798 554 877 πρὸς
578 795 695 874 ἄρκτον
719 795 787 879 ὁρᾷ.

118 890 215 951 Obelo
246 891 364 951 notavit
395 891 589 951 Aristarchus
620 890 699 948 huno
731 890 829 948 locum
862 889 1017 965 vetuitque
1053 888 1168 948 Niobae
1201 904 1294 963 μετα-

118 974 285 1055 μόρφωςιν
313 980 445 1039 Homero
473 979 590 1056 inferri;
618 979 655 1039 of,
682 978 886 1037 Aristonicum
918 978 955 1036 ad
983 973 1010 1038 Ω
1037 979 1098 1038 613
1128 973 1209 1051 πρός
1237 974 1295 1051 τὴν

117 1064 301 1144 διαφωνίαν
328 1067 394 1129 τῶν
422 1066 599 1142 νεωτέρων.
637 1064 714 1143 φαςὶ
736 1062 797 1141 γὰρ
825 1064 876 1126 καὶ
900 1062 999 1142 αὐτὴν
1026 1060 1291 1128 όπολελιθιῖιςθαι·

117 1153 262 1232 ’Όμηρος
286 1155 321 1216 δὲ
345 1153 384 1218 οὔ
403 1161 434 1218 et
452 1157 491 1216 ad
508 1152 536 1217 Ω
552 1159 615 1217 614
639 1202 691 1216 ...
711 1156 781 1216 πῶς
800 1153 835 1215 δὲ
856 1152 906 1215 καὶ
926 1151 1012 1217 λίθος
1031 1153 1189 1230 γενομένη
1210 1154 1293 1216 θεῶν

118 1243 156 1307 ἐκ
183 1244 281 1322 κήδεα
309 1244 426 1319 πέςςει;
456 1246 700 1322 Disorepantab
728 1245 860 1304 Homero
884 1248 916 1305 et
937 1238 1107 1324 xanthus)
1131 1246 1161 1305 et
1183 1243 1294 1302 Phere-

117 1335 210 1412 cydes
241 1335 273 1393 in
303 1335 369 1412 ipsa
401 1337 565 1396 mutatione
599 1336 721 1412 eiusque
748 1354 838 1395 eausa
862 1334 1032 1402 narrandis,
1057 1333 1109 1393 red
1133 1353 1168 1391 ex
1192 1331 1296 1392 scholii

117 1424 220 1484 verbis
246 1423 307 1483 iam
334 1425 461 1484 discerni
492 1425 595 1501 nequit
623 1445 693 1484 num
723 1424 793 1483 data
821 1443 911 1499 opera
942 1423 1143 1500 posteriorum
1174 1421 1294 1481 fabulae

113 1512 248 1572 Homero
277 1514 431 1589 oppositae
455 1514 577 1574 fuerint.

248 1603 337 1662 sohoL
369 1599 483 1663 d700
506 1602 534 1658 V
562 1597 621 1661 οὐκ
648 1595 716 1661 οἶδε
745 1596 785 1660 τὰ
813 1594 970 1675 Ὀλύμπια
998 1594 1016 1660 ὁ
1044 1598 1177 1675 ποιητὴς
1210 1591 1293 1658 ἀλλὰ

248 1686 320 1765 περί
335 1706 421 1751 τινος
442 1689 633 1766 χρηματικοῦ
652 1684 779 1762 ἀγῶνός
794 1704 889 1764 φηςιν
903 1684 1056 1749 ἀπελθεῖν
1073 1686 1148 1748 τοὺς
1161 1684 1299 1761 ίππουςγ

249 1779 319 1838 πῶς
345 1775 407 1851 γὰρ
435 1774 569 1850 Αὐγείας
596 1771 655 1851 ἐφ’
678 1773 705 1855 ᾧ
732 1771 888 1852 Ἡρακλῆς
919 1773 978 1836 τὸν
1011 1771 1123 1849 ἀγῶνα
1154 1776 1292 1837 ποιεῖται

249 1862 409 1946 ἀφῄρηται
437 1864 513 1926 τοὺς
539 1862 684 1935 ίππους;ι
701 1861 862 1939 ςτέφανον
890 1862 925 1925 δὲ
954 1859 1040 1925 ὁλως
1070 1861 1128 1926 οὐκ
1159 1857 1291 1937 οίὸενῗὸ

250 1952 383 2029 ποιητὴς
401 1950 459 2014 οὐκ
478 1951 513 2013 ἐν
532 1950 601 2032 νίκῃ
621 1949 679 2012 οὐκ
697 1949 733 2012 ἐν
752 1948 870 2014 θυςίαις
888 1950 947 2014 οὐκ
965 1950 1002 2014 ἐν
1023 1949 1192 2034 ςυμποςίιμ.
1225 1952 1294 2013 πῶς

251 2040 286 2103 δὲ
311 2039 370 2103 οὐκ
392 2039 528 2118 ἐμνήςθη
552 2039 658 2120 ἐντῷ
682 2037 867 2121 καταλόγῳ;

302 2125 478 2206 Ὀγχηςτόν
497 2125 534 2191 θ’
551 2126 639 2204 ἱερὸν
658 2127 832 2204 Ποςιδήιον
850 2126 974 2205 ἀγλαὸν
998 2124 1125 2213 ἄλςοςί)
1151 2127 1189 2210 [Β
1205 2124 1293 2208 506].

252 2217 386 2280 Πιςᾶται
414 2217 450 2277 δὲ
474 2216 670 2291 ἐπεμέλοντο
699 2217 757 2276 τοῦ
785 2212 911 2290 ἀγῶνος
940 2215 991 2279 καί
1014 2217 1084 2280 ἐπεὶ
1108 2217 1295 2295 Μεςςηνίοις

253 2301 333 2364 κατὰ
360 2302 618 2378 Λακεδαιμονίων
646 2301 864 2381 ςυνεμάχηςαν
892 2301 1012 2368 Ἠλεῖοι
1042 2305 1077 2368 δὲ
1101 2305 1295 2385 Λακεδαιμο-

253 2387 346 2465 νίοις,
370 2389 559 2455 καθελόντες
583 2391 700 2456 αὐτοὺς
722 2391 849 2456 τούτοις
873 2393 1035 2471 παρέςχον
1057 2395 1116 2472 τὴν
1139 2392 1250 2473 ἀρχήν.

121 2482 168 2542 De
191 2482 276 2542 Arist
277 2481 359 2542 archi
382 2485 531 2544 sententia
553 2483 628 2544 nihil
651 2485 789 2546 traditur.

207 2571 399 2632 Adversum
424 2570 448 2633 Ν
474 2575 539 2634 360
563 2574 649 2634 obelo
672 2594 711 2633 no
713 2577 825 2633 t:atum

315 2655 466 2722 ἀλλὰέ
422 2658 516 2723 Θέτιν
540 2659 669 2723 κύδαινε
693 2659 744 2722 καὶ
767 2657 838 2724 υἱέα
860 2658 1100 2738 καρτερόθυμον

21 2761 22 2780 ¹
118 2765 281 2826 adnotatur
304 2768 395 2828 sohol.
418 2768 463 2827 V:

252 2852 403 2919 ἐντεῦθεν
425 2855 460 2917 δὲ
480 2854 724 2934 Μελανιππίδῃ(
748 2855 885 2920 κύουςαν
904 2852 969 2918 ἀπὸ
989 2853 1070 2918 Διὸς
1090 2855 1185 2919 Θέτιν
1206 2854 1297 2919 ἐκδα·

249 2944 344 3018 θῆναι
358 2944 463 3021 Πηλεῖ
482 2944 534 3007 διὰ
552 2944 592 3007 τὰ
610 2943 748 3023 ῥηθέντα
766 2944 830 3008 ὑπὸ
844 2946 1041 3023 Προμηθέως
1059 2944 1130 3022 ἤτοι
1149 2944 1295 3022 Θέμιδος.

207 3052 354 3112 Aethram
377 3053 491 3112 Pitthei
518 3053 610 3113 filiam
633 3073 652 3112 a
675 3055 783 3114 Thesei
809 3057 906 3114 matre
934 3055 1079 3131 distingui
1106 3054 1202 3114 voluit
1224 3054 1293 3113 Ari-

119 3140 255 3200 starchus
276 3143 445 3217 temporum
463 3141 630 3202 rationibus
648 3142 763 3202 innisus
782 3143 943 3220 statuique,
961 3163 1020 3220 qua
1038 3145 1150 3203 multas
1170 3143 1296 3202 diffioul·

118 3233 198 3289 tates
217 3230 362 3306 solvebat,
381 3225 580 3305 ὁμωνυμίαν;
599 3231 635 3292 οῖ.
654 3231 787 3292 Ariston.
802 3233 840 3292 ad
856 3229 875 3292 Γ
893 3235 955 3292 144
971 3229 998 3293 εἰ
1017 3229 1075 3306 μὲν
1094 3230 1152 3307 τὴν
1168 3229 1296 3306 Θηςέως
1318 3291 1335 3312 ,

121 3315 206 3391 λέγει
228 3317 355 3395 μητέρα,
374 3314 561 3396 ἀθετητέον·
585 3313 744 3381 ἀπίθανον
766 3316 828 3395 γάρ
852 3318 936 3381 ἐςτιν
957 3317 1086 3395 Ἑλένη(
1110 3314 1297 3395 ἀμφίπολον

121 3400 202 3466 εἶναι
229 3405 288 3482 τὴν
313 3404 417 3468 οὕτως
440 3404 659 3485 ὑπεραρχαίαν
682 3408 722 3484 ἣν
753 3405 812 3469 οὐκ
839 3406 962 3470 ἐκποιεῖ
984 3409 1041 3483 ζῆν
1065 3405 1177 3468 διὰτὸ
1201 3410 1297 3484 μῆκος

119 3495 177 3554 τοῖι
206 3490 333 3569 χρόνου.
371 3493 398 3557 εἰ
431 3496 467 3558 δὲ
496 3493 661 3573 ὁμωνυμία
694 3494 758 3558 ἐςτὶ
790 3494 933 3573 καθάπερ
961 3495 1012 3558 καὶ
1045 3494 1097 3557 ἐπὶ
1126 3493 1297 3573 πλειόνων,

121 3580 253 3643 δύναται
269 3581 387 3658 μένειν
407 3583 458 3645 καὶ
477 3583 537 3660 γὰρ
553 3580 645 3647 ἄλλοι
665 3583 741 3647 εἰςὶν
757 3581 919 3661 ὁμώνυμοί
933 3603 1017 3647 τινες
1032 3582 1112 3646 κατὰ
1129 3582 1170 3646 τὰ
1183 3580 1298 3647 Ἰλιακὰ

54 3669 57 3675 “
119 3667 291 3746 Ἄδραςτος
315 3668 458 3746 Τεύθρας
481 3670 648 3748 Οἰνόμαος.
676 3676 747 3736 Alia
773 3676 888 3736 addidit
910 3675 1137 3752 grammaticus:

253 3761 343 3820 sohol.
369 3758 388 3821 Γ
414 3764 477 3821 144
502 3764 614 3824 Townl.
640 3762 691 3824 καὶ
714 3763 784 3825 πιῖις
806 3761 969 3825 τοςούτων
993 3760 1076 3824 ἐτῶν
1099 3758 1178 3823 ούςα
1201 3759 1296 3840 ἀμφι-

255 3849 369 3911 πολεῖν
393 3847 540 3923 asverus
564 3847 647 3913 ἀλλὰ
670 3849 721 3912 καὶ
745 3850 798 3914 ἐπὶ
820 3854 877 3928 τῆς
899 3853 1000 3927 γραῦς
1022 3852 1137 3912 κεῖται·

465 3951 470 3960 ’
521 3955 593 4033 γρηὶ
616 3956 671 4019 ςὺν
694 3952 869 4040 ἀμφιπόλῳ
894 3958 928 4038 [α
955 3957 1040 4036 191].

254 4060 476 4138 πιθανώτερον
504 4061 539 4124 δὲ
568 4059 752 4139 ὁμωνυμίαν
783 4060 872 4127 εἶναι,
915 4062 955 4126 οὐ
983 4062 1043 4140 γὰρ
1071 4062 1090 4141 ἡ
1118 4062 1222 4141 ἡλικία
1245 4062 1296 4145 ἐᾷ·

255 4151 330 4213 τοὺς
353 4151 425 4228 περὶ
445 4150 550 4227 Θηςέα
572 4149 633 4229 γὰρ
657 4151 835 4230 προτέρους
859 4151 978 4258 ἄνδρας
997 4149 1016 4213 ὁ
1036 4149 1202 4216 Ὀὸυςςεύς
1221 4171 1296 4231 φηςι

196 4304 319 4406 ¹)Plura
343 4321 377 4360 ex
399 4321 432 4360 eo
457 4308 569 4362 servata
592 4308 657 4360 sunt
675 4323 718 4376 ap.
739 4306 870 4362 Parthen.
890 4315 924 4364 33
948 4309 977 4362 et
1000 4307 1086 4362 schol.
1109 4306 1174 4362 Eur
1193 4306 1296 4389 Phoen.

124 4383 181 4432 159.
209 4407 241 4416 -
269 4375 366 4446 ¹)Cur
383 4375 545 4434 hievernus
564 4378 707 4434 adferatur
725 4394 782 4432 non
800 4379 945 4450 intellego.
983 4378 1113 4433 Ceterum
1131 4378 1167 4432 de
1186 4377 1297 4432 coronis

123 4447 154 4503 ef.
175 4447 459 4517 Athen.1p.18E.

173 4547 353 4590 Jahrumrr
331 4548 655 4638 matrimoniorum.
935 4573 936 4579 η
1049 4543 1082 4592 28
