3086 5124
224 257 290 321 442
365 285 369 291 ·
650 260 795 317 Eduardus
815 261 969 319 Schwartz:

220 482 225 489 .
269 428 358 487 schol.
377 425 397 487 Γ
414 430 452 489 75
479 429 592 490 ΤοπιιΙ.
615 425 755 490 Ἑλλάνι-
830 431 921 492 schol.
936 429 956 491 Γ
973 432 1012 492 75
1028 431 1131 490 ADLd
1149 426 1251 492 Ἴαςος
1267 429 1319 493 καὶ
1332 430 1398 494 Πε-

224 511 279 576 κός
299 533 373 592 φηςι
390 535 406 573 a
425 514 605 592 Φορωνέως
624 520 755 594 γεγενῆ·
784 517 900 594 λαςγός
911 515 1035 594 Τριόπα
1049 521 1176 580 παῖδες’
1190 519 1397 597 τελευτήςαν-

224 609 293 666 ςθαι
307 607 425 666 παῖδας
439 608 532 682 τρεῖς,
547 603 663 668 οἵτινες
678 604 757 681 μετὰ
783 624 838 668 τος
853 607 888 668 δὲ
904 605 1013 669 αὐτοῖς
1027 609 1085 670 τοῦ
1099 606 1221 684 πατρὸς
1238 605 1397 672 διείλοντο

224 689 364 755 θάνατον
394 695 453 755 τοῦ
485 693 605 771 πατρὸς
644 692 755 757 διενεί-
783 696 842 771 τὴν
857 693 1025 773 βαςιλείαν.
1049 695 1159 772 λαχὼν
1179 696 1214 758 δὲ
1229 695 1398 773 Πελαςγὸς

125 801 130 808 ·
224 799 324 856 μαντο
347 782 406 858 τὴν
429 779 582 859 Ἀργείαν.
620 783 671 845 καί
696 783 755 860 τήν
784 784 842 861 μὲν
873 784 914 846 τὰ
942 783 1023 861 πρὸς
1055 781 1218 861 Ἐραςῑνον
1250 786 1397 863 ποταμὸν

223 869 282 946 μὲν
298 869 378 947 πρὸς
393 867 542 953 Ἐραςίνιρ
561 875 607 953 τῷ
622 875 755 954 ποταμῷ
783 870 882 935 ἔκτιςε
896 870 1042 950 Λάριςαν,
1061 871 1162 936 Ἴαςος
1177 874 1212 936 δὲ
1226 872 1267 936 τὰ
1281 873 1398 956 πρὸςγ

223 958 390 1034 Πελαςγὸς
401 958 511 1036 λαχὼν
522 957 620 1022 ἔκτιςε
630 961 755 1038 τὴννῦν
782 958 885 1024 Ἠλιν.
908 959 1167 1038 τελευτηςάντων
1190 962 1226 1024 δὲ
1246 960 1355 1026 αὐτῶν
1379 961 1398 1027 ό

223 1047 423 1124 καλουμένην
433 1046 595 1126 Λάριςςαν,
607 1046 701 1112 'loebe
715 1047 755 1111 τὰ
782 1048 944 1137 νεώτατος
976 1047 1119 1128 ἀδελφὸς
1160 1047 1303 1129 Ἀγήνωρ
1341 1051 1397 1118 ἐττ-

223 1135 303 1212 πρὸς
318 1134 341 1216 †
355 1133 457 1199 Ἠλιν.
480 1134 695 1215 ἀναλωθείςης
718 1139 754 1200 δὲ
783 1137 967 1216 εςτρόιτευςε
987 1144 1025 1222 τῇ
1045 1139 1135 1222 χώρᾳ
1155 1140 1280 1217 πολλὴν
1294 1139 1397 1205 ἵππον

109 1223 110 1229 '
223 1227 279 1301 τῆς
302 1229 360 1302 γῆς
383 1222 403 1286 δ
427 1225 585 1304 νεώτερος
610 1224 754 1305 Ἀγήνωρ
782 1226 995 1308 ἑπαγόμενος,
1038 1226 1116 1291 ὅθεν
1151 1228 1267 1307 ἐκλήθη
1301 1227 1396 1292 ἱππό-

223 1314 348 1391 πολλήν
370 1312 472 1377 ἵππον
495 1314 654 1393 ἐκτήςατο.
678 1313 754 1380 ὅθεν
784 1319 880 1395 βοτον
915 1317 973 1392 μὲν
1009 1316 1047 1379 τὸ
1079 1315 1196 1394 Ἀργος
1237 1314 1302 1380 ἀπό
1339 1321 1396 1396 τῆς

222 1401 258 1464 ἐν
277 1406 322 1484 τῷ
342 1401 429 1485 αὐτῷ
448 1401 555 1486 χρόνῳ
574 1402 753 1482 ὠνόμαςται
782 1402 955 1483 Ἀγήνορος
986 1404 1101 1483 ἵππου,
1135 1403 1200 1468 ἀπὸ
1232 1406 1267 1468 δὲ
1295 1403 1394 1469 Ἰάςου

220 1489 753 1571 τριχῶςτόἈργος·ἼαςονἈργος
781 1492 893 1558 Ἴαςον.
919 1493 1037 1571 ίςτορεῑ
1058 1493 1241 1558 Ἑλλάνικος
1264 1494 1300 1559 ἐν
1324 1492 1394 1574 Ἀρ-

220 1580 420 1729 [ίὶλαςγιιιὸν
439 1579 555 1658 Ἀργος
574 1581 753 1662 ἱππόβοτον
781 1585 930 1659 γολιιιοῑς.

266 1688 352 1746 croc·
451 1711 453 1716 ·

218 1761 266 1820 hic
289 1780 405 1838 quoque
428 1763 577 1840 discrepat
603 1759 736 1838 ίςτορία;
768 1765 863 1823 altero
887 1763 965 1822 enim
1004 1764 1114 1822 scholio
1137 1764 1307 1841 Agenorem
1334 1785 1394 1826 non

220 1851 361 1909 narratur
383 1852 500 1928 magnis
527 1853 661 1929 equitum
684 1853 775 1928 copiis
798 1853 979 1912 instructum
1000 1852 1092 1929 Argis
1116 1853 1228 1912 bellum
1246 1854 1393 1933 intulisse,

219 1938 271 1998 sed
303 1959 383 2013 cum*
400 1940 510 2000 fratres
543 1943 639 2000 totam
669 1946 783 2001 terram
810 1941 916 2018 partiti
949 1944 1065 2017 essent,
1104 1961 1173 2000 eum
1212 1963 1267 2018 pro
1307 1944 1393 2004 here-

220 2028 322 2087 ditatis
349 2030 486 2104 portione
509 2049 648 2107 magnam
672 2049 815 2107 equorum
842 2030 1066 2090 multitudinem
1094 2030 1241 2107 accepisse
1250 2024 1287 2112 ¹);
1316 2033 1393 2092 nihil

220 2117 365 2177 debello.
412 2119 458 2176 Ex
480 2138 539 2178 uno
564 2120 674 2178 scholio
698 2119 771 2178 duas
795 2121 849 2179 has
867 2119 985 2178 fabulas
1005 2119 1076 2181 olim
1102 2121 1254 2196 complexo
1277 2123 1311 2179 ut
1382 2158 1393 2168 -

220 2225 277 2282 que
301 2224 366 2266 esse
389 2207 558 2268 derivatum
580 2209 698 2267 nomine
717 2209 846 2268 auctoris
864 2217 923 2267 n'on
947 2212 1084 2269 accurate
1111 2204 1231 2287 ἱςτορίᾳ
1254 2209 1391 2285 adposito

220 2295 397 2354 Eustathius
429 2297 514 2356 docet
538 2293 579 2373 [p.
605 2300 677 2372 292,
703 2295 750 2373 1]:
783 2294 859 2373 φηςὶ
887 2295 922 2356 δὲ
949 2293 1131 2358 Ἑλλάνικος
1161 2298 1279 2358 παῖδας
1306 2299 1393 2373 τρεῖς

219 2377 432 2466 Φορωνέωςί)
460 2384 619 2461 γενέςθαι,
648 2383 679 2445 οἳ
703 2386 761 2446 τοῦ
785 2383 907 2461 πατρὸς
930 2381 1087 2447 θανόντος
1110 2382 1309 2461 διενείμαντο
1332 2385 1391 2464 τήν

220 2466 381 2546 Ἀργείαν·
408 2470 502 2548 καὶὴ
527 2471 585 2548 μὲν
609 2471 689 2548 πρός
712 2469 862 2553 Ἐραςίνῳ
885 2475 931 2555 τῷ
955 2476 1091 2554 ποταμῷ
1113 2473 1270 2554 Πελαςγιβ
1294 2471 1390 2550 ἔλαχε

218 2563 264 2642 τῷ
296 2559 347 2621 καὶ
377 2560 436 2637 τήν
470 2560 536 2623 ἐκεῖ
563 2557 717 2637 Λάριςςαν
751 2559 900 2624 κτίςαντι·
934 2558 1019 2643 Ἰάςῳ
1048 2561 1084 2623 δὲ
1112 2560 1152 2624 τὰ
1180 2560 1262 2637 πρὸς
1289 2557 1392 2626 Ἠλιν.

219 2644 363 2726 Ἀγήνωρ
398 2649 433 2710 δὲ
462 2647 676 2727 ἀναλωθείςης
704 2654 760 2728 τῆς
784 2653 842 2728 γῆς
864 2650 923 2728 τὴν
946 2651 1101 2728 πατρικήν
1124 2647 1257 2727 εἴληφεν
1280 2648 1391 2728 ίππον,

218 2733 295 2800 ὅθεν
318 2737 354 2800 ἐν
381 2736 489 2820 ταύτῷ
521 2736 628 2820 χρόνῳ
652 2737 820 2816 ὠνομάςθη
843 2739 881 2802 τό
904 2737 1021 2816 Ἀργος
1048 2741 1177 2816 τριχῶς·
1205 2736 1323 2822 Ἴαςον,
1347 2737 1392 2802 ὡς

217 2825 268 2887 καὶ
291 2825 310 2903 ἡ
330 2823 492 2889 Ὀδύςςεια
511 2829 613 2904 δηλοῖ,
632 2827 831 2904 Πελαςγιιιόν
850 2826 901 2890 καὶ
919 2825 1108 2905 ἱππόβοτον.
1144 2828 1228 2890 τινὲς
1251 2828 1287 2890 δὲ
1311 2827 1390 2906 μετὰ

218 2912 357 2978 θάνατον
389 2917 456 2978 τῶν
488 2915 546 2979 δύο
579 2913 733 2994 ἀδελφῶν
765 2914 1002 2994 ἐπιςτρατεῦςαί
1034 2935 1111 2994 φαςι
1144 2916 1202 2980 τόν
1231 2914 1388 2995 Ἀγήνορα

217 3004 343 3081 πολλὴν
362 3003 566 3082 ἐπαγόμενον
583 3004 686 3068 ίππον
705 3001 767 3083 ἀφ’
781 3003 818 3082 ἧς
837 3007 988 3084 κληθῆναι
1007 3005 1045 3068 τό
1064 3003 1181 3082 Ἀργος
1200 3003 1390 3084 ἱππόβοτον.

217 3091 275 3154 τιςὶ
307 3092 342 3154 δὲ
375 3095 441 3155 τῶν
473 3095 620 3158 παλαιῶν
652 3091 774 3170 ἀρέςκει
801 3092 919 3171 Ἀργος
951 3092 1130 3172 ἱππόβοτον
1160 3092 1298 3157 ἐνταῦθα
1329 3094 1389 3170 τήν

219 3180 395 3246 Θετταλίαν
418 3185 516 3245 νοείν.
561 3186 626 3244 Iam
647 3186 748 3263 videas
766 3205 838 3245 num
861 3205 920 3261 qua
943 3184 1155 3261 probabilitate
1178 3184 1252 3243 haec
1275 3184 1388 3244 scholia

217 3273 247 3332 iu
271 3274 508 3350 fragmentorum
535 3293 659 3350 corpora
686 3275 798 3334 referre
826 3275 926 3334 liceat:
959 3274 1049 3330 immo
1081 3291 1140 3332 non
1161 3275 1264 3347 potest
1295 3273 1387 3333 ullius

292 3443 310 3512 ¹)
331 3441 372 3496 Of.
391 3442 464 3498 Plut.
484 3445 590 3511 quaest.
606 3443 651 3498 Gr.
668 3450 709 3498 50.
723 3476 756 3484 -
769 3445 789 3512 ί)
804 3443 887 3513 Legit
900 3442 924 3496 is
946 3458 1056 3510 quoque
1076 3442 1265 3513 corruptelam
1284 3443 1389 3499 codicis

216 3513 334 3581 Townl.;
353 3515 423 3568 haec
441 3515 516 3568 recte
536 3514 685 3568 traduntur
702 3514 733 3568 in
751 3517 863 3585 ίςτορίφ.
902 3513 942 3568 cf.
961 3513 1042 3568 Paus.
1062 3513 1149 3581 nro,
1166 3521 1190 3568 1.
1206 3520 1279 3582 22‚1
1300 3514 1389 3571 schol.

216 3585 281 3640 Eur.
298 3585 341 3640 Or.
358 3592 419 3641 932,
455 3585 553 3653 Neque
568 3585 709 3654 discrepat
722 3586 849 3656 Hyginus
867 3585 935 3709 [gub.
951 3584 1111 3668 OXXXXV]
1128 3585 1280 3639 dummodo
1296 3603 1387 3640 emen·

219 3657 307 3712 detur.
341 3658 418 3712 Haec
437 3656 524 3710 habet
542 3654 630 3710 editio
649 3656 791 3726 princeps:
813 3659 859 3711 ‘ex
899 3655 1012 3710 irantho
1032 3656 1172 3711 Callirhoe
1194 3655 1384 3728 [lcallithoe]

217 3728 309 3797 Argus
328 3726 498 3782 Aristorides
517 3726 633 3796 Triopas
653 3727 699 3782 hic
718 3745 752 3782 ex
770 3728 822 3782 hoc
841 3727 977 3783 Eurisabe
994 3727 1105 3783 Anthus
1123 3728 1258 3797 Pelasgus
1276 3728 1388 3796 Agenor

218 3816 252 3854 ex
270 3797 371 3867 Triope
395 3800 425 3852 et
443 3798 577 3853 Oreaside
597 3801 724 3854 Xanthus
744 3801 773 3853 et
791 3799 932 3855 Inachus'.
969 3799 1062 3855 Primo
1085 3798 1214 3854 eiciendo
1232 3801 1297 3852 sunt
1315 3815 1387 3866 quae

218 3888 251 3926 ex
271 3869 372 3924 Ouidio
401 3872 479 3942 [met.
499 3871 511 3923 Ι
531 3872 594 3941 624]
619 3871 710 3939 petita
732 3873 816 3939 atque
839 3870 909 3940 Argi
932 3870 1040 3925 nomini
1059 3869 1200 3939 adscripta
1218 3871 1284 3922 sunt
1300 3869 1387 3924 verba

215 3945 309 4012 Arpos
323 3943 490 3997 Aristcrides
508 3943 561 4010 bic,
580 3942 712 4009 quoniam
725 3941 801 4011 Argo
816 3941 959 4011 Panoptae
973 3941 1005 3996 in
1018 3944 1072 3998 hoc
1086 3941 1233 3996 stemmate
1247 3956 1386 4007 nusquam

214 4012 292 4068 locus
312 4014 396 4068 datur
415 4016 507 4081 atque,
523 4013 547 4066 si
561 4013 683 4078 daretur,
698 4013 814 4067 Arestor
832 4014 894 4067 erat
912 4013 1106 4069 nominandus.
1134 4012 1385 4080 interpretamento

214 4084 321 4139 inserto
348 4085 456 4138 factum
481 4087 524 4139 est
548 4086 580 4138 ut
605 4084 747 4138 excideret
772 4087 891 4139 stemma
918 4086 993 4154 quod
1017 4087 1061 4140 est
1082 4083 1156 4138 inter
1172 4081 1338 4137 Piranthum
1358 4083 1387 4136 et

176 4209 179 4216 ,
215 4156 359 4225 Triopam:
388 4158 481 4210 cetera
504 4154 573 4210 olim
595 4155 638 4210 ita
661 4155 767 4224 scripta
793 4155 918 4210 fuerunt:
947 4174 980 4211 ea
1002 4159 1051 4212 boc
1073 4161 1098 4210 et
1116 4155 1210 4209 Βορέας
1230 4152 1276 4223 [cf.
1297 4153 1385 4208 schol.

214 4226 279 4284 Eur.
304 4227 348 4282 Or.
374 4229 437 4298 932]
463 4228 585 4282 Inachus
610 4229 741 4282 Xanthus
766 4228 899 4298 Pelasgos
922 4228 1039 4296 Agenor.
1078 4225 1154 4290 Quae
1181 4223 1296 4279 nomina
1322 4243 1386 4280 cum

214 4298 323 4352 lacunis
338 4300 367 4354 et
381 4297 547 4367 corruptelis
567 4299 841 4366 obscurataessent‚
860 4299 963 4352 iterum
980 4297 1011 4351 in
1029 4295 1156 4368 margine
1176 4295 1384 4351 scribebanturr

214 4387 248 4424 ex
273 4371 374 4440 Triope
392 4377 417 4424 et
435 4370 531 4425 Sosicle
556 4370 628 4442 [cod.
649 4371 794 4441 Oreaside]
816 4371 947 4426 Xanthus
965 4375 989 4424 ct
1008 4369 1146 4424 Iacobus:
1164 4366 1209 4422 his
1228 4367 1258 4421 in
1276 4371 1385 4423 textum

215 4440 312 4500 inlatis
332 4442 452 4496 ruebant
471 4440 571 4498 omnia.
