3086 5124
654 242 800 298 Eduardus
820 243 976 298 Schwartz:

362 409 397 473 δὲ
424 408 487 473 ὑπὸ
512 407 617 472 Μίνω’
644 407 738 472 καὶὸ
762 405 854 486 λιμὴν
884 405 959 472 ὅθεν
987 407 1129 488 ἡρπάςθη
1152 406 1325 487 Ἁρπαγίας
1347 427 1402 472 κα-

361 502 475 562 λεῖται·
503 496 669 562 άξιούντος
696 499 731 560 δὲ
760 500 886 574 μιγῆναι
913 495 1001 583 αὐτῷ
1024 497 1267 580 κατακρημνίςαι
1281 495 1403 561 αὐτόν·
1447 568 1450 574 ,

321 651 322 656 ,
360 587 419 650 τὸν
448 588 484 650 δὲ
516 585 618 664 θάψαι
649 587 699 650 καὶ
727 584 902 650 πλάςαςθαι
930 593 977 671 τῷ
1008 588 1104 666 πατρὶ
1132 585 1176 651 ιύς
1205 587 1324 652 θύελλα
1353 586 1404 649 καί

354 677 463 756 ,νέφος
482 675 624 754 ἥρπαςεν
643 675 742 740 αὐτὸν
762 673 807 740 εἰς
826 671 976 751 οὐρανόν.
1013 676 1043 741 oi
1062 678 1098 740 δὲ
1118 676 1196 754 μετὰ
1216 675 1403 755 κυνηγεςίαν
1470 727 1473 735 .

362 764 603 844 άφυπνώςαντα
623 766 896 844 διαςπαραχθῆναι
915 761 979 830 ὑπὸ
998 769 1114 846 θηρῶν.
1138 765 1168 829 οἱ
1187 766 1223 829 δὲ
1242 784 1403 844 κεραυνω-

298 862 301 870 '
362 856 463 933 θῆναι.
486 853 604 932 ἤρξὰτο
628 854 663 916 δὲ
688 851 753 918 ἀπὸ
772 850 935 920 Λακώνων
959 853 1181 934 παιδεράςτεια
1199 857 1266 918 τῶν
1284 874 1404 932 γυμνα-

361 943 427 1007 ςίας
450 940 702 1019 έπινοηςάντων·
724 949 762 1026 τῇ
789 940 850 1020 γὰρ
876 944 979 1028 Ιεὐεξίᾳ
1001 948 1066 1008 τῶν
1086 943 1240 1022 ςιιιμάτων
1254 944 1403 1022 ,ἐκινήθη-

321 1036 322 1042 ’
362 1029 429 1096 ςαν
453 1029 526 1095 κατ’
553 1030 711 1109 ἀλλήλων.
758 1031 862 1110 ῥητῶς
891 1035 926 1099 δέ
960 1053 1056 1114 φηςιν
1089 1031 1138 1097 ὅτι
1166 1032 1206 1096 οὐ
1237 1033 1320 1097 Ζεύς
1348 1032 1403 1110 ἣρ-

279 1175 282 1180 .
361 1139 462 1185 παςεν
485 1118 569 1187 ἀλλὰ
591 1118 622 1182 οἱ
646 1121 714 1184 θεοὶ
733 1122 783 1185 καὶ
804 1122 859 1189 ίνα
878 1121 1019 1207 οἰνοχοῇ.
1050 1121 1123 1188 ἔθος
1142 1121 1203 1206 γὰρ
1222 1121 1271 1201 ἦν,
1290 1120 1335 1184 ὼς
1354 1121 1405 1185 καὶ

248 1230 253 1238 ·
362 1207 486 1289 (απφάι
505 1228 614 1288 φηςιν,
638 1211 733 1273 νέους
756 1211 899 1288 εὐγενεῖς
922 1213 1093 1292 εὐπρεπεῖς
1117 1210 1293 1289 οἰνοχοεῖν·

526 1374 528 1378 ,
598 1319 708 1393 κοῦροι
732 1317 789 1394 μὲν
812 1323 969 1397 κρητῆρας
994 1318 1032 1397 [Α
1047 1317 1126 1396 470]

596 1403 734 1486 ᾠνοχόει
757 1403 790 1468 δ’
813 1406 880 1472 υἱὸς
905 1405 1074 1472 Μενελάου
1095 1404 1232 1487 [0141]¹

351 1510 436 1575 Ιίςως
468 1510 527 1574 οὐν
557 1511 634 1574 νέου
672 1509 895 1577 ἀποθανόντος
932 1513 1032 1576 αὐτοῦ
1070 1511 1260 1577 ἐπλάςαντο.
1302 1512 1353 1576 καὶ
1386 1511 1405 1575 δ

362 1602 494 1680 ποιητὴς
523 1600 558 1662 δὲ
586 1599 624 1663 τὸ
648 1597 839 1668 ἀλαζονικὸν
861 1605 927 1666 τῶν
953 1597 1122 1684 βαρβάρων
1146 1600 1239 1664 εἰδὼς
1262 1600 1321 1664 οὐκ
1343 1598 1406 1680 ἀφ’

363 1689 479 1768 ἑαυτοῦ
502 1689 560 1751 τὸν
583 1692 684 1767 μῦθον
707 1687 797 1754 εἶπεν
821 1688 896 1754 ἀλλ’
918 1691 1020 1771 Ἥβην
1044 1691 1139 1770 φηςὶν
1165 1687 1364 1774 οἰνοχοεῖν.1)

229 1783 273 1844 cf.
307 1782 521 1860 Aristonicum:
559 1776 608 1840 ὅτι
645 1778 845 1843 ἐναντιοῦται
881 1785 949 1843 τοῖς
982 1781 1164 1858 νεωτέροις·
1199 1777 1237 1844 οὐ
1271 1779 1331 1858 γὰρ
1362 1776 1407 1842 δι’

229 1867 334 1948 ἔρωτα
361 1869 420 1932 τὸν
441 1867 628 1945 Γανυμήδην
649 1866 713 1930 ὑπὸ
737 1868 817 1931 Διὸς
841 1867 1037 1948 ἀνηρπάςθαι
1056 1866 1131 1932 ἀλλ’
1150 1867 1213 1933 ὑπὸ
1233 1871 1298 1932 τῶν
1322 1871 1406 1933 θεῶν

228 1957 282 2022 ἵνα
306 1956 438 2040 οἰνοχοῇ
462 1961 507 2039 τῷ
531 1955 586 2036 Διὶ
610 1955 662 2034 διὰ
689 1956 726 2018 τὸ
750 1955 876 2021 κάλλος.
914 1961 996 2022 Haec
1018 1961 1232 2039 grammaticus
1256 1961 1406 2030 dilatavit:

229 2069 346 2110 umores
358 2060 521 2125 ‘puerorum
539 2047 619 2124 apud
632 2047 882 2110 Lacedaemonios
898 2051 1010 2126 primos
1023 2051 1056 2108 in
1069 2069 1157 2132 usum
1175 2051 1292 2110 venisse
1307 2049 1407 2127 Gany-

229 2139 383 2214 mcdisquc
411 2137 545 2196 fabulum
575 2137 764 2197 Homericam
794 2159 831 2198 cx
858 2143 994 2200 vetorum
1025 2139 1175 2198 communi
1201 2140 1285 2198 more
1313 2140 1406 2217 expli·

230 2229 356 2294 cundum
379 2245 443 2287 csse
467 2246 525 2302 quo
543 2226 659 2286 nobiles
681 2228 768 2306 pueri
790 2229 822 2287 in
839 2230 982 2289 conviviis
1005 2229 1108 2289 vinum
1130 2228 1336 2294 ministrarent
1356 2224 1406 2304 [cf.

230 2318 338 2378 Athon.
362 2317 390 2376 X
408 2337 436 2392 p.
457 2318 522 2375 424
532 2312 582 2390 Ε].
614 2315 739 2376 Addidit
757 2321 792 2377 ut
815 2337 906 2396 supra
925 2322 1092 2380 commenta
1114 2309 1406 2398 pragnsuoonm.²)

317 2405 430 2464 Dubito
453 2422 526 2463 num
548 2405 605 2464 huc
628 2405 819 2466 referundum
842 2409 882 2468 sit
905 2409 1039 2468 scholion
1063 2408 1099 2467 de
1122 2407 1220 2467 Nioba

365 2495 455 2554 schol.
475 2488 501 2553 Ω
523 2496 584 2554 617
605 2493 660 2552 BV
683 2489 820 2570 ἀκύρως·
844 2496 914 2557 πῶς
932 2494 992 2572 γὰρ
1012 2494 1032 2572 ἡ
1052 2493 1139 2558 λίθος
1163 2492 1280 2568 πέςςει;
1308 2485 1404 2570 Φιλή-

345 2594 433 2657 ’μων
457 2581 493 2643 δὲ
517 2578 536 2642 δ
560 2577 694 2658 κωμικός
718 2600 814 2660 φηςιν
1272 2578 1277 2594 “
1320 2578 1323 2582 ’
1388 2578 1391 2583 ’

457 2687 522 2761 ἐγὼ
546 2685 637 2750 λίθον
661 2687 719 2765 μὲν
741 2689 800 2766 τὴν
825 2686 944 2767 Νιόβην
967 2689 1010 2768 μά
1032 2689 1108 2753 τοὺς
1131 2689 1226 2754 θεοὺς

458 2773 613 2840 οὐδέποτ’
636 2774 784 2855 έπείςθην
800 2775 883 2839 οὐδὲ
909 2781 967 2841 νῦν
991 2779 1194 2857 πειςθήςομαι

432 2862 502 2928 ’ὡς
524 2862 616 2928 τοῦτ’
638 2862 764 2941 ἐγένετ’
787 2863 969 2943 ἄνθρωπος·
994 2866 1057 2931 ὑπὸ
1081 2867 1117 2930 δὲ
1140 2870 1207 2931 τῶν
1231 2868 1337 2930 κακῶν

457 2956 523 3017 τῶν
547 2952 770 3032 ςυμπεςόντων
793 2958 852 3018 τοῦ
875 2975 910 3020 τε
934 2955 1110 3035 ςυμβάντος
1134 2955 1256 3021 πάθους

459 3042 556 3107 οὐδὲν
580 3045 711 3121 λαλῆςαι
735 3046 895 3123 δυναμένη
919 3046 1000 3124 πρὸς
1025 3045 1145 3110 οὐδένα

458 3132 697 3212 προςηγορεύθη
722 3133 775 3197 διά
797 3134 835 3197 τὸ
859 3135 898 3214 μὴ
923 3138 1048 3213 φωνεῖν
1073 3133 1169 3198 λίθος.

366 3238 384 3303 ὁ
408 3239 443 3303 δὲ
463 3237 565 3302 Λυδός
589 3258 684 3318 φηςιν
709 3238 759 3302 ὅτι
788 3236 956 3317 Ἀςιυνίδης
984 3239 1125 3318 έραςθεὶς
1151 3235 1250 3315 αὐτῆς
1273 3238 1314 3316 μὴ
1338 3256 1405 3300 πει-

366 3328 485 3405 ςθείςης
507 3327 565 3392 ἐπ’
588 3324 715 3405 άριςτον
738 3329 814 3415 τοὺς
840 3331 957 3393 παῖδας
986 3329 1119 3392 καλέςας
1142 3326 1200 3389 τὸν
1224 3323 1314 3390 οίιςον
1337 3326 1407 3391 ένέ-

366 3435 497 3496 πρηςεν·
525 3417 545 3495 ἡ
573 3418 609 3480 δὲ
642 3417 807 3496 φεύγουςα
830 3415 947 3495 ηὔξατο
976 3420 1148 3494 λιθωθῆναι
1180 3414 1231 3478 καί
1256 3413 1406 3493 -ἐλιθάιθη,

366 3505 445 3570 ἔνιοι
469 3506 505 3569 δέ
529 3504 574 3570 εἰς
597 3506 795 3584 κρύςταλλον
819 3505 918 3584 αὐτὴν
942 3503 1189 3584 μεταβεβλῆςθαί
1213 3523 1319 3587 φαςιν.

232 3649 445 3662 ..u-m·—

308 3717 327 3788 ι)
346 3715 391 3768 Itu
410 3712 549 3769 scholium
575 3712 675 3784 scripsi
692 3715 725 3767 ut
747 3730 781 3768 cx
798 3711 921 3768 Bekireri
940 3713 1172 3769 adnotationibus
1191 3711 1296 3770 codicis
1310 3712 1406 3771 Victo-

233 3786 307 3844 riuni
329 3785 465 3841 lectiones
489 3802 585 3841 cruere
608 3784 720 3839 licebat.
759 3784 936 3839 Praecedunt
959 3784 990 3839 in
1012 3785 1156 3840 codicibus
1179 3785 1203 3839 B
1222 3787 1251 3839 st
1274 3785 1316 3838 Ld
1334 3799 1405 3852 quae

234 3878 269 3916 cx
287 3857 394 3914 scholio
413 3859 438 3912 Υ
456 3864 509 3913 234
527 3858 553 3910 A
570 3858 701 3924 excerpta
719 3857 748 3910 et
765 3855 833 3910 huic
853 3855 1039 3926 disputationi
1057 3875 1075 3910 a
1092 3856 1208 3912 librario
1228 3855 1327 3910 audito
1345 3871 1406 3909 csse

233 3928 398 4003 putaverim.
427 3929 515 3983 Locus
535 3928 595 3998 ipse
614 3926 674 3981 illic
692 3925 735 3980 itu
754 3926 875 3997 scriptus
893 3930 949 3983 cst:
969 3930 1096 3985 Μναςέας
1114 3931 1144 3984 δέ
1163 3946 1245 3997 φηςιν
1263 3928 1318 3982 ὐπὸ
1336 3929 1406 3981 Ταν-

232 4007 319 4060 τάλου
342 4002 478 4071 ἡρπάςθαι
501 4003 545 4055 καί
569 4002 599 4054 ἐν
622 3999 774 4069 κυνηγεςίῳ
797 4001 987 4069 ἀναιρεθῆναι,
1011 4002 1157 4068 Δωςιάδης
1180 4001 1216 4053 δὲ·
1233 4000 1288 4053 ὐπὸ
1311 3997 1405 4053 Μίνω·

234 4079 279 4132 καὶ
298 4077 314 4130 δ
332 4077 413 4141 λιμὴν
432 4073 642 4140 άθενιὴρπάςθη
662 4071 811 4140 Ἁρπαγίας
830 4073 1132 4127 sciuros-„tuocum
1150 4072 1181 4125 δὲ
1200 4074 1310 4136 μιγῆναι
1328 4070 1406 4139 αὐτῷ

234 4144 562 4274 t‘tt‘ttttttttt
575 4144 991 4284 itttttttttttsftt
1005 4145 1044 4279 ii
1057 4143 1407 4282 θίίίίίᾳαίλίίίέίίξλλ

169 4302 172 4307 ·
234 4273 398 4357 ἐκινήθηςαν
417 4234 483 4341 susq
501 4287 636 4353 ἀλλήλων.
656 4317 688 4325 -
709 4284 731 4354 ¹)
751 4283 791 4340 cf.
811 4233 912 4340 Apthcn.
931 4285 996 4339 XHI
1013 4232 1110 4354 φρθθΙ
1130 4284 1247 4353 August.
1265 4282 1359 4339 dciv.
1379 4283 1405 4337 d.

233 4359 325 4414 XVIII
345 4365 377 4413 13
400 4356 511 4426 Didynn
533 4358 580 4427 [cx
597 4356 750 4428 Phanoclc]
775 4375 818 4427 up.
838 4357 903 4411 Eus.
921 4358 948 4411 II
966 4373 993 4426 p.
1012 4361 1047 4410 40
1061 4372 1101 4422 sq.
1126 4353 1189 4409 Son.
1208 4354 1304 4408 Malui.
1326 4371 1353 4427 p.
1373 4361 1408 4410 98

235 4431 350 4486 Ccdrcn.
369 4448 397 4500 p.
418 4435 481 4496 1203
501 4428 535 4482 de
553 4429 637 4497 portu
655 4428 800 4498 Hurpsgiu
819 4428 910 4484 Strub.
930 4427 996 4481 XIII
1013 4443 1040 4496 p.
1060 4432 1120 4482 587.
