3086 5124
224 223 290 289 452
649 225 796 280 Eduardus
816 191 969 281 Shhwartz:

270 398 288 454 7
313 389 369 453 elci
392 391 427 454 δὲ
451 391 482 453 o‘l
503 395 694 469 γεννηθῆναι
717 390 757 454 τὰ
830 397 871 455 53
887 391 1066 470 Φερεκύδης
1080 391 1120 455 τὰ
1133 391 1215 455 κατὰ
1227 393 1302 456 τούε
1313 392 1400 456 Οἰδί-

224 478 320 542 τέκνα
352 479 448 557 nucis
481 479 513 544 ἐξ
544 479 756 557 Εὐρυγανείαε
784 484 886 544 notor
909 484 1025 544 παῖδαε
1054 481 1105 544 καί
1128 480 1185 544 τὰ(
1212 482 1399 559 γημαμέναε

224 566 312 650 αὐτῷ
335 572 391 646 τῆε
413 567 647 647 Ὑπέρφαντος.
784 569 1279 649 otroctcroperostensaque,
1290 571 1399 648 Κρέων

783 658 890 722 δίδωει
913 660 971 737 τὴν
995 657 1153 737 βαειλείαν
1181 659 1232 722 καὶ
1259 660 1318 738 τὴν
1341 681 1397 736 γυ-

783 751 877 811 ναῑκα
913 746 1025 824 Λαΐου,
1067 747 1186 826 μητέρα
1227 745 1260 810 δ’
1296 748 1397 813 αὐτοῦ

782 833 950 915 Ἰοκάετην,
984 835 1017 900 ἐξ
1052 835 1089 913 ἦε
1124 835 1267 912 γίνονται
1309 836 1398 920 αὐτῷ

781 923 935 1003 Φράετωρ
955 925 1005 987 καὶ
1016 923 1188 1003 Λαόνυτοε,
1198 924 1229 988 οἳ
1244 927 1397 1006 eversos-

781 1033 828 1076 ειν
847 1012 910 1077 ὑπὸ
926 1014 1058 1078 Μινυῶν
1078 1014 1128 1077 καὶ
1150 1010 1300 1091 Ἐργίνου.
1326 1015 1398 1080 ἐπεὶ

780 1103 815 1165 δὲ
830 1102 976 1167 ἑνιαυτὸε
989 1104 1143 1180 παρῆλθε,
1157 1106 1253 1180 γαμεῖ
1271 1101 1290 1166 ὁ
1309 1103 1394 1167 Οἰδί-

780 1210 861 1255 noue
875 1189 1091 1270 Εὐρυγάνειαν
1105 1192 1163 1269 τὴν
1178 1190 1397 1270 Περίφαντοε,

779 1280 813 1345 ἐξ
831 1279 868 1357 ἦε
887 1279 1030 1356 γίνονται
1051 1279 1139 1364 αὐτῷ
1159 1277 1325 1359 Ἀντιγόνη
1345 1283 1398 1345 καὶ

780 1366 898 1447 Ἰεμήνη
919 1417 969 1432 ...
995 1367 1058 1432 υἱοὶ
1077 1369 1112 1432 δὲ
1132 1368 1219 1452 αὐτῷ
1239 1369 1272 1434 ἐξ
1296 1367 1395 1450 αὐτῆς

779 1455 944 1536 Ἐτεοκλῆς
967 1457 1018 1520 καὶ
1041 1456 1248 1535 Πολυνείκηε.

222 1548 326 1608 Addas
359 1550 497 1627 aenigma
531 1553 562 1609 et
590 1549 769 1610 solutionem
800 1551 835 1610 cl.
869 1550 980 1610 scholio
1012 1569 1055 1611 vs.
1089 1551 1139 1610 50.
1192 1549 1397 1611 Bibliothecae

221 1638 342 1713 propria
366 1642 435 1698 sunt
457 1657 566 1698 nomen
588 1639 759 1716 Periboeae,
778 1640 843 1698 rixa
867 1637 1027 1716 Oedipodis
1050 1638 1183 1715 Letique,
1207 1639 1396 1718 Labienus,

220 1725 324 1785 Musae
353 1727 494 1805 Sphingis
529 1728 705 1805 magistrae:
742 1729 815 1789 haec
848 1729 946 1788 omnia
978 1728 1057 1804 quod
1089 1728 1161 1787 olim
1194 1727 1312 1788 scholiis
1345 1748 1394 1788 cx·

221 1815 319 1876 titisse
343 1820 458 1893 statuo,
487 1835 547 1876 non
569 1821 681 1877 temere
705 1837 769 1876 rem
792 1809 890 1895 agere*
905 1817 979 1876 mihi
1001 1817 1105 1876 videor
1127 1817 1304 1894 praesertim
1328 1836 1396 1878 cum

220 1903 257 1963 de
280 1905 390 1981 Polybi
413 1906 515 1966 uxoris
542 1907 660 1966 nomine
688 1907 720 1965 in
747 1907 967 1966 commentariis
986 1876 1208 1986 hiserepantias
1236 1905 1394 1966 adnotatas

221 2011 286 2052 esse
309 1993 468 2054 doceamur
491 1995 582 2056 schol
608 1996 697 2072 Soph.
717 1993 777 2055 OR
804 1999 821 2055 7
827 2000 844 2055 7
849 1999 877 2070 5,
900 1995 937 2053 de
956 1995 1023 2054 Laii
1045 1995 1150 2054 funere
1169 1992 1288 2070 ζήτημα
1312 1999 1395 2056 extet

221 2081 311 2142 schol.
334 2083 444 2144 Phoen.
468 2086 519 2145 44.
557 2086 585 2143 A
608 2085 805 2144 bibliothecae
823 2103 895 2144 vero
918 2087 1039 2143 auctore
1060 2103 1119 2142 non
1142 2084 1221 2159 ipsos
1239 2082 1391 2159 Asclepia-

215 2170 289 2230 ‘dem
316 2172 366 2231 vel
393 2173 597 2250 Pherecydem
630 2193 695 2233 esse
728 2176 882 2248 excerptos
915 2192 949 2232 eo
980 2174 1126 2249 probatur
1157 2172 1235 2250 quod
1267 2191 1394 2248 quorum

221 2263 378 2335 praeterea
401 2262 478 2322 ratic
497 2263 627 2322 habetur
640 2262 778 2323 Pisandri
791 2265 823 2322 et
838 2260 1028 2338 Oedipodiaq
1053 2262 1144 2322 etiam
1166 2261 1199 2319 hi
1220 2261 1252 2320 in
1274 2261 1394 2321 scholiis

222 2348 351 2409 adhibiti
373 2344 485 2432 sunt.¹)

307 2439 411 2516 Neque
439 2440 558 2500 omnino
586 2440 674 2518 longe
703 2440 924 2500 demonstretur
955 2455 1075 2498 necesse
1106 2442 1153 2498 est
1179 2457 1302 2514 prorsus
1330 2459 1393 2500 eas-

219 2526 287 2585 dem
317 2528 448 2611 rationes
474 2529 645 2588 fabularum
673 2528 942 2606 componendarum
970 2528 1049 2604 apud
1076 2527 1241 2587 Diodorum
1268 2527 1395 2588 inveniri

219 2619 308 2692 atque
319 2616 350 2678 in
359 2617 540 2693 compendiis
553 2618 622 2694 illis,
638 2619 884 2694 quoniamtotum
898 2619 1055 2695 prologum
1064 2616 1295 2676 Phoenissamm
1305 2615 1393 2677 Oedi·

217 2704 303 2779 podis
321 2705 477 2766 historiam
492 2706 667 2767 brevissime
684 2707 871 2782 complexum
885 2707 966 2766 credi
978 2706 1082 2782 nequit
1100 2725 1119 2764 a
1136 2709 1239 2765 vetere
1253 2709 1284 2765 et
1307 2706 1394 2766 docto

218 2792 361 2854 historiae
384 2795 530 2855 fabularis
555 2788 730 2875 scriptore²)
753 2796 784 2854 in
807 2796 971 2856 orationem
994 2794 1164 2871 pedestrem
1182 2813 1248 2854 esse
1270 2813 1393 2855 conver-

293 2982 312 3049 ¹)
332 2980 452 3036 Omnino
466 2982 549 3037 valde
564 2982 663 3037 dubito
681 3000 748 3036 num
767 2982 796 3036 in
814 2981 990 3037 bibliotheca
1002 2981 1062 3035 ulla
1080 2984 1157 3036 extet
1169 2981 1268 3036 fabula
1281 2998 1315 3037 ex
1331 2981 1393 3052 ipso

218 3053 379 3121 Pherecyde
399 3057 543 3123 excerpta3
567 3053 635 3122 quin
654 3053 740 3108 etiam
759 3070 831 3121 quae
850 3071 935 3122 supra
958 3053 992 3107 de
1010 3053 1105 3107 Persei
1126 3051 1223 3108 fabula
1241 3053 1287 3108 vel
1305 3071 1394 3123 nuper

220 3125 255 3178 de
275 3127 501 3194 Argonautarum
518 3124 638 3180 historia
656 3123 811 3193 disputavi,
835 3124 953 3179 Roberti
972 3123 1140 3192 sententiae,
1163 3141 1221 3192 qua
1238 3123 1394 3194 Pherecydi

219 3193 303 3249 facile
330 3194 452 3265 primum
475 3196 569 3250 locum
597 3213 657 3250 esse
685 3196 866 3250 tribuendum
889 3195 969 3249 duxit
995 3195 1024 3276 [l.
1050 3212 1072 3248 c.
1093 3212 1120 3263 p.
1141 3202 1175 3250 66
1194 3195 1258 3266 sq.],
1278 3196 1394 3251 obstant

218 3283 303 3334 quam
315 3266 444 3322 maxime.
464 3269 508 3322 An
522 3268 675 3337 putaveris,
691 3267 716 3320 si
729 3267 899 3336 Pherecydis
912 3266 968 3335 ipsi
982 3265 1049 3320 hbri
1062 3267 1175 3334 praesto
1189 3265 1318 3334 fuissent,
1333 3269 1394 3322 tum

218 3335 343 3394 futumm
358 3337 444 3393 fuisse
463 3341 496 3393 ut
513 3339 556 3394 ita
573 3337 730 3393 narrationi
743 3337 950 3408 Apollonianae
968 3336 1157 3391 insererentur
1170 3337 1349 3407 Pherecydes
1361 3341 1395 3393 nt
1488 3357 1501 3414 '.

218 3408 325 3463 factum
344 3409 436 3463 estin
464 3409 573 3464 Iasonis
602 3409 722 3466 historia
751 3411 774 3481 [Ι
803 3417 832 3476 9,
863 3416 895 3464 16
919 3408 953 3464 cl.
987 3425 1051 3462 cum
1082 3407 1168 3463 schol.
1200 3408 1280 3464 Pind.
1312 3409 1393 3479 Pyth.

217 3479 268 3534 1111
294 3487 357 3547 1333
381 3480 415 3536 cf.
440 3481 474 3536 de
502 3480 637 3550 Dionysio
667 3481 742 3551 Scyt.
766 3499 792 3550 p.
820 3486 885 3536 17?
932 3480 1012 3534 Certe
1042 3478 1131 3534 multo
1160 3479 1282 3535 certiora
1309 3481 1392 3535 docu-

218 3553 314 3605 menta
328 3551 523 3606 adferanturo
543 3570 576 3606 us
595 3553 639 3606 est
653 3569 737 3633 quam
755 3568 827 3621 quae
888 3552 985 3605 bertus
1001 3550 1150 3621 congessit.
1184 3551 1282 3620 Neque
1300 3551 1392 3622 magis

220 3625 297 3677 certo
315 3622 479 3678 Acusilaum
496 3570 542 3677 vei
556 3622 754 3691 Asclepiadem
772 3623 849 3692 ipsos
868 3639 928 3677 esse
944 3625 1089 3691 excerptos
1106 3621 1251 3692 probavit:
1271 3622 1305 3677 de
1320 3622 1392 3678 Acu-

220 3693 291 3749 silao
310 3696 388 3749 certa
406 3693 562 3749 desiderari
581 3697 747 3764 argumenta
764 3693 826 3764 ipsc
844 3694 961 3759 fetatum
980 3709 1032 3763 pro
1050 3693 1217 3765 Asclepiade
1236 3708 1308 3762 quae
1328 3710 1391 3762 pro-

218 3764 295 3832 tulit,
315 3764 356 3819 eis
376 3765 469 3822 effecit
487 3765 560 3820 nihil
578 3765 711 3834 quoniam
725 3765 845 3820 alterum
858 3763 903 3819 fra
952 3768 1048 3820 entum
1062 3783 1096 3820 ex
1115 3764 1229 3819 scholiis
1247 3763 1278 3818 in
1290 3762 1392 3818 biblic-

219 3837 331 3890 thecam
342 3836 503 3906 pervenisse
512 3836 602 3891 multo
618 3839 661 3891 est
674 3836 735 3891 veri
744 3834 873 3902 similius,
889 3853 907 3890 a
918 3839 1010 3891 terum
1026 3836 1124 3908 [schol.
1139 3840 1154 3891 λ
1168 3836 1232 3906 326]
1247 3832 1390 3904 Asclepia

219 3907 263 3961 dis
282 3923 343 3962 esse
362 3925 449 3962 unum
463 3911 547 3976 atque
569 3907 775 3962 debilissimum
794 3910 838 3962 est
855 3908 1053 3962 documentum
1068 3905 1236 3975 subscriptio
1254 3905 1390 3973 ήίετορία

220 3980 295 4047 παρὰ
306 3981 494 4050 Ἀεκληπιάδη.
523 3981 628 4035 lterum
642 3978 799 4047 iterumque
814 3979 985 4033 monendum
998 3980 1042 4033 est
1058 3976 1196 4033 eiusmodi
1209 3975 1389 4056 quaestiones

221 4067 254 4104 ex
273 4066 330 4103 una
346 4049 522 4105 bibliotheca
541 4049 613 4105 solvi
631 4067 688 4105 non
705 4067 800 4119 posse,
822 4050 871 4104 sed
889 4049 920 4103 in
938 4049 1082 4118 univcsas
1102 4047 1330 4117 compendiorum
1347 4063 1390 4102 re·

218 4119 322 4188 liquias
346 4137 407 4176 esse
430 4120 637 4190 inquirendum.
662 4153 694 4162 -
721 4122 741 4190 ²)
761 4119 959 4190 Asclepiadem
981 4139 1040 4176 rem
1061 4137 1173 4190 prorsus
1197 4117 1280 4172 aliter
1298 4117 1391 4188 egisse

219 4192 350 4248 docemur
369 4192 508 4248 eiusmodi
527 4192 758 4248 adnotationibus
778 4192 876 4262 quales
895 4194 993 4247 extant
1012 4190 1097 4246 schol.
1111 4189 1190 4244 Pind.
1210 4189 1291 4258 Pyth.
1311 4189 1338 4245 ΙΙ
1356 4197 1389 4246 39

219 4265 415 4332 Ἀεκληπιάδη(
429 4267 459 4319 δὲ
470 4267 500 4318 ἐν
508 4265 595 4336 τρίτῳ
604 4268 847 4336 τραγῳδουμένων
857 4267 933 4319 οὕτω
942 4266 1056 4332 γράφει·
1075 4267 1337 4330 προειετοροθει
1356 4264 1391 4316 bt

219 4337 303 4389 ἔνιοι
322 4337 360 4389 dr<
379 4339 423 4389 καΙ
443 4337 540 4402 μανείη
560 4339 576 4390 ὁ
596 4336 687 4404 Ἰξίων,
712 4339 750 4391 drc
772 4338 941 4404 Φερεκύδης·
965 4337 1009 4390 καί
1032 4337 1084 4401 τὴν
1105 4335 1149 4388 ἐπὶ
1167 4339 1218 4388 τοῦ
1237 4339 1341 4401 τροχοῦ
1361 4335 1391 4388 δὲ

220 4407 328 4464 κόλαειν
352 4409 429 4478 αὐτῷ
452 4409 739 4476 παρεγκεχειρήκαειν·
764 4410 819 4462 ὑπὸ
842 4409 896 4475 γὰρ
919 4407 996 4473 δίνη(
1015 4409 1058 4459 καί
1077 4407 1192 4473 coeunt
1210 4407 1298 4460 αὐτὸν
1316 4406 1391 4473 ἐξαρ-
