3086 5124
220 264 287 327 412
647 264 793 319 Eduardus
813 263 969 320 Schwartz:

221 429 276 492 ἵνα
294 426 383 492 οὗτοι
410 427 467 505 μὲν
487 426 517 491 oi
535 427 604 492 θεοὶ
623 426 792 507 φαίνοιντο
814 430 1025 509 βοηθήςαντες
1047 427 1134 511 αὐτῷ
1158 426 1236 506 μετὰ
1254 427 1395 508 Θέτιδος,

221 515 316 582 ἄλλοι
335 518 370 582 δέ
389 537 473 581 τινες
497 515 527 580 οἱ
551 521 700 595 ξυνδῆςαι
723 519 882 596 θέλοντες,
905 517 957 581 καὶ
980 517 1098 595 μύθους
1122 518 1158 581 δὲ
1177 519 1324 594 λέγουςιν
1342 516 1396 581 ἐπὶ

222 607 348 671 τούτοις
375 605 517 670 πολλούς
536 655 542 668 .
563 655 569 668 .
589 656 597 670 .
617 609 667 670 δεῑ
684 605 794 670 τοίνυν
813 606 948 687 φυςικόν
967 608 1090 684 μᾶλλον
1108 606 1145 672 έν
1163 606 1290 670 τούτοις
1316 605 1396 670 ὑπο-

221 699 311 759 νοεῑν
331 693 438 772 λόγον]
450 696 515 759 κτλ.
538 698 584 757 Ex
602 699 657 758 hoo
677 699 788 759 scholio
808 701 918 776 pendet
935 695 1057 774 ἱςτορία
1074 699 1106 758 in
1119 699 1224 758 ADIrd
1238 699 1277 758 ad
1291 697 1316 761 Α
1331 701 1393 760 399

221 788 378 864 adscripta.
421 787 497 858 Quid
525 788 562 846 ‹ie
586 788 803 864 subscriptione
826 784 945 863 irrepsi
967 785 1111 862 Δίδυμος
1133 788 1324 848 iudicandum
1347 788 1396 864 sit,

221 877 300 936 infra
323 876 493 954 apparebit,
530 877 674 937 historiae
701 881 849 936 tenerer
870 878 1007 937 versibus
1030 877 1197 937 Homericis
1221 876 1396 954 desumptus

222 969 270 1025 est
289 963 327 1041 [Α
347 962 552 1042 398-406];
576 969 705 1042 atquae
728 967 760 1025 in
783 967 894 1026 scholio
918 969 955 1026 de
978 966 1061 1027 varia
1084 967 1210 1026 lectione
1236 966 1320 1026 docte
1344 965 1395 1025 ad-

220 1058 326 1114 notata
349 1058 427 1130 sunt,
450 1055 482 1112 in
509 1049 647 1130 ἱςτορίας
674 1055 803 1114 formam
830 1056 951 1117 confuse
978 1055 1101 1116 redacta
1124 1058 1207 1116 sunt:
1229 1052 1398 1120 ,Ποςειδῶν

223 1141 260 1203 δέ
282 1139 334 1203 καὶ
356 1139 449 1218 Ἥρα
472 1140 532 1203 καὶ
556 1137 753 1204 Ἀπόλλων
777 1141 837 1204 καὶ
860 1139 995 1219 Ἀθηνᾶ
1018 1140 1195 1221 ἐβούλοντο
1219 1140 1318 1204 αιἰτὸν
1341 1142 1396 1221 δή·

222 1248 333 1293 ςαντες
356 1227 512 1294 ὑποτάξαι
536 1279 542 1292 .
563 1279 569 1292 .
590 1278 596 1292 .
621 1227 756 1294 ἀκούςας
781 1231 816 1293 δὲ
841 1228 859 1292 δ
882 1230 964 1294 Ζεὺς
984 1231 1116 1295 Θέτιδος
1135 1231 1194 1308 τὴν
1217 1230 1275 1307 μὲν
1292 1229 1397 1308 Ἥραν

222 1319 351 1382 ἐντοῖς
375 1315 458 1383 καθ’.
472 1315 571 1382 αὑτοῦ
595 1321 721 1396 δεςμοῑς
744 1320 908 1398 έκρέμαςε,
935 1320 1115 1384 Ποςειδῶνι
1143 1319 1178 1381 δὲ
1207 1319 1259 1382 καί
1281 1317 1396 1383 Ἀπόλ»

222 1410 301 1471 λωνι
324 1409 383 1485 τὴν
407 1406 494 1485 παρὰ
512 1406 709 1484 Λαομέδοντι
732 1408 862 1486 θητείαν
880 1407 1070 1487 έψηφίςατο,
1092 1413 1131 1492 τῇ
1155 1407 1191 1470 δέ
1214 1406 1320 1472 Θέτιδι
1338 1408 1397 1486 τὴν

223 1494 396 1574 Ἀχιλλέως
418 1497 510 1574 τιμὴν
534 1496 579 1560 εἰς
600 1496 642 1558 τὰ
664 1497 742 1575 μετὰ
765 1501 865 1561 ταῦτα
888 1497 1101 1576 έταμιεύςατο.

311 1589 389 1648 Huic
408 1589 520 1648 scholio
538 1588 667 1666 adiungo
687 1590 817 1650 alterum
840 1609 898 1667 quo
918 1590 989 1650 data
1007 1609 1098 1667 opera
1111 1589 1147 1649 rie
1161 1589 1296 1665 Neptuni
1308 1588 1398 1664 Apol-

224 1678 352 1754 linisque
376 1677 498 1738 servitio
521 1677 635 1755 agitur:
1240 1743 1242 1748 ,

358 1767 449 1827 schol.
473 1764 502 1828 Φ
521 1769 585 1826 444
609 1766 638 1824 V
662 1763 819 1842 totiacus
837 1763 904 1844 Ιγὰρ
928 1768 1075 1844 ςυνδῆςαι
1098 1763 1156 1829 τόν
1180 1763 1246 1828 Δία

444 1941 446 1944 ,
594 1870 785 1935 Ποςειδάων
808 1872 859 1936 καὶ
882 1873 1002 1952 Φοῖβος
1026 1869 1195 1936 Ἀπόλλων
1219 1872 1258 1951 [Α
1279 1871 1376 1951 400]·

359 1977 389 2042 οἱ
413 1978 449 2040 δέ
472 1976 526 2041 ἐπὶ
548 1980 595 2060 τῷ
619 1980 763 2055 πειρᾶςαι
786 1980 844 2056 τὴν
868 1977 958 2057 ὕβριν
981 1977 1204 2057 Λαομέδοντος

595 2082 646 2147 καί
668 2102 703 2147 τε
728 2083 797 2147 θεοὶ
820 2082 967 2148 ξείνοιςιν
990 2082 1131 2148 ἐοικότες
1157 2086 1188 2164 [ρ
1208 2083 1302 2162 485]·

356 2190 400 2254 ὡς
423 2189 650 2255 ἀποθανόντος
674 2189 816 2254 οὖντοῦ
843 2189 945 2254 αἰτίου
968 2189 1145 2268 τιμώμενος
1173 2193 1231 2254 νῦν
1260 2189 1296 2253 ἐν
1319 2186 1398 2273 Ἰλίῳ

236 2349 239 2354 ,
358 2280 453 2362 Κίλλῃ
479 2279 583 2362 Χρύςῃ
602 2279 730 2362 Τενέδῳ
752 2282 861 2359 βοηθεῖ
884 2278 1002 2344 coroa.
1035 2279 1066 2348 οἱ
1089 2280 1125 2343 δὲ
1145 2278 1205 2342 δύο
1228 2277 1324 2357 φαςὶν
1347 2279 1398 2357 ἐρ-

359 2370 558 2447 γαςαμένους
592 2366 695 2447 ἀμιςθὶ
728 2367 894 2434 ἀναθεῖναι
921 2367 1101 2433 Ἀπόλλωνι
1132 2369 1184 2432 καὶ
1211 2368 1398 2432 Ποςειδῶνι.

360 2457 391 2521 οἱ
411 2459 446 2521 δέ
470 2455 519 2520 ότι
539 2455 604 2522 ἀπὸ
623 2460 689 2521 τῶν
707 2457 875 2535 ἱερατικῶν
895 2456 1065 2536 χρημάτων
1084 2455 1288 2541 ᾡκοδόμηςεν
1309 2455 1398 2522 αὐτά.

225 2551 359 2610 Vltimae
378 2551 544 2611 sententiae
567 2553 719 2610 auctorem
743 2569 807 2611 esse
831 2551 1020 2611 Herodorum
1043 2550 1232 2628 cognoscitur
1254 2567 1291 2610 ex
1309 2550 1399 2610 schol.

225 2640 375 2716 Lycophr.
402 2633 500 2720 522¹)
525 2639 578 2699 ubi
604 2635 778 2715 Ἡρόδοτος
806 2640 878 2700 olim
904 2643 1070 2701 correctum
1097 2644 1151 2700 est.
1194 2638 1276 2709 Quae
1304 2639 1400 2699 altero

223 2730 288 2789 loco
322 2729 354 2788 in
386 2729 497 2789 scholio
529 2729 642 2788 tradita
674 2733 759 2803 sunt,
791 2729 917 2790 redeunt
944 2729 1023 2806 apud
1055 2727 1270 2805 Apollodorum
1303 2726 1348 2804 [II
1371 2731 1400 2805 5,

211 2821 259 2895 ’9,
291 2815 334 2894 9].
376 2818 424 2877 Ab
458 2838 494 2878 ea
526 2822 627 2878 autem
661 2818 777 2878 ratione
811 2838 870 2895 qua
901 2818 1103 2879 Laomedonte
1137 2820 1257 2878 mortuo
1290 2817 1400 2894 Apollo

218 2907 422 2966 Troianorum
441 2909 555 2967 cultum
574 2911 605 2968 et
622 2908 830 2968 venerationes
849 2908 997 2987 accepisse
1013 2907 1221 2984 beneficiisque
1240 2910 1270 2967 et
1289 2906 1400 2966 auxilio

222 2997 393 3073 rependisse
417 2997 534 3074 dicitur,
557 2997 659 3057 videas
679 2998 768 3073 quani
790 2997 937 3073 discrepet
954 2997 1140 3074 Porphyrius
1161 2993 1266 3072 [schol.
1285 2993 1313 3058 Φ
1333 2997 1397 3056 445

223 3083 319 3162 ABD]
338 3127 374 3149 ..
395 3131 403 3147 .
421 3079 589 3146 Ἀπόλλων
614 3083 650 3145 δὲ
669 3082 708 3146 οὐ
728 3087 907 3161 μνηςικακεῖ
929 3081 1009 3146 διότι
1034 3084 1157 3160 μᾶλλον
1175 3083 1300 3159 τιμᾶται
1318 3078 1399 3158 παρ’

226 3169 347 3235 αὐτῶν·
358 3174 442 3235 πᾰςα
453 3173 489 3235 δὲ
500 3170 598 3250 χάρις,
608 3170 667 3235 κᾶν
675 3172 694 3255 ᾗ
702 3170 1018 3250 τελευταίαδύναται
1028 3175 1136 3249 μεῖζον
1149 3167 1290 3247 ἔγκλημα
1299 3171 1398 3234 λῦςαι.

224 3264 284 3324 Suo
299 3283 382 3324 more
396 3265 428 3323 in
441 3263 572 3323 Homero
588 3281 620 3324 se
634 3264 780 3324 continuit
793 3265 986 3324 Aristarchus
1004 3262 1054 3340 [of.
1068 3262 1201 3322 Ariston.
1216 3262 1254 3321 ad
1268 3258 1398 3340 Φ444].

357 3354 447 3413 schol.
466 3350 498 3412 Δ
518 3356 559 3414 88
580 3353 607 3410 V
630 3350 707 3429 φαςὶ
730 3351 766 3413 δέ
790 3348 933 3428 Τριόπαν
951 3350 1142 3428 Περραιβῶν
1165 3347 1326 3426 τύραννον
1344 3367 1397 3412 το-

357 3443 472 3502 ςοῦτον
491 3437 580 3517 ὠμὸν
599 3436 680 3502 εἶναι
703 3438 748 3502 ὼς
770 3439 829 3502 τὸν
852 3438 923 3502 υἱὸν
942 3436 1176 3502 ἀποκτείναντα
1198 3434 1297 3500 αὐτὸν
1318 3437 1398 3517 Καρ-

356 3523 457 3607 κάβον
480 3527 748 3606 τυραννοκτονίας
775 3529 872 3606 γέρας
897 3529 1009 3607 λαβεῖν
1037 3526 1124 3605 παρὰ
1146 3529 1212 3590 τῶν
1242 3528 1398 3591 πολιτῶν·

358 3616 464 3696 φυγὰς
488 3617 523 3679 δέ
542 3617 630 3695 ἥκων
653 3615 698 3681 εἰς
718 3617 850 3696 Βρένθιν
873 3621 929 3695 τῆς
950 3615 1067 3695 Τροίας
1090 3614 1257 3695 καθαρθείς
1280 3635 1315 3679 τε
1328 3614 1398 3679 ,ὑπὸ

359 3706 471 3784 Τρωὸς
495 3705 604 3784 λαβὼν
627 3703 749 3785 ἔδαφος
773 3705 866 3771 κτίζει
895 3705 1032 3770 Ζέλειαν
1059 3709 1115 3785 τῆς
1143 3707 1252 3784 μικρᾶς
1275 3702 1397 3767 Λυκίας.

358 3793 438 3859 ὥςτε
464 3793 644 3871 ἀναγκαίως
672 3795 707 3858 ἐκ
732 3795 850 3860 τούτου
879 3797 937 3859 τοῦ
961 3793 1094 3873 αίματός
1116 3794 1200 3858 έςτιν
1219 3790 1242 3856 ό
1264 3793 1398 3870 ςυγχέας

356 3886 433 3947 τοὺς
456 3882 579 3962 ὅρκους.

226 3977 286 4038 Cur
309 3977 480 4036 Pandarum
508 3977 634 4053 Lycium
663 3977 808 4037 Troianos
841 3977 873 4038 in
902 3976 1027 4054 periurii
1056 3977 1168 4036 crimen
1197 3973 1400 4050 implicantem

225 4069 346 4128 fecisset
378 4066 540 4144 Homerus,
563 4066 775 4142 grammaticos
806 4085 949 4143 quaerere
981 4065 1085 4126 solitos
1118 4081 1181 4124 esse
1213 4061 1399 4141 Porphyrius

224 4159 368 4232 testatur,
396 4156 450 4214 sed
476 4155 532 4214 hoc
558 4173 674 4232 quoque
702 4156 767 4216 loco
795 4156 833 4215 ad
856 4157 1027 4215 fabularum
1046 4152 1243 4213 obscuritates
1266 4171 1326 4212 non
1349 4155 1399 4214 de-

302 4310 321 4378 ι)
342 4307 382 4365 of.
405 4309 553 4377 praeterea
576 4320 657 4363 anon.
683 4309 709 4363 d.
733 4306 838 4365 inored.
862 4325 888 4378 p.
909 4313 960 4362 322
985 4304 1074 4361 West.
1106 4303 1241 4360 Ceterum
1260 4319 1294 4359 ex
1311 4304 1398 4376 Lyco·

224 4379 340 4452 phronis
365 4377 565 4434 commentario
594 4378 743 4449 desumpta
774 4395 835 4433 esse
858 4378 991 4434 videntur
1013 4391 1085 4444 quae
1109 4376 1184 4446 apud
1204 4375 1330 4432 Servium
1351 4377 1399 4449 [ad

224 4453 293 4510 Aen.
312 4452 338 4506 11
357 4452 421 4523 610]
440 4451 581 4521 leguntur.
