3086 5124
231 227 298 292 436
659 229 805 286 Eduardus
827 229 979 285 Schwartz:

232 394 277 458 εἰ(
304 396 362 473 τὴν
387 395 507 472 (κῦρον
535 392 725 475 ἀπεβίβαεεν
754 395 794 459 οὐ
821 397 990 474 παρθένων
1020 392 1096 459 ἀλλ’
1118 393 1247 473 ἀνδρῶν
1270 401 1408 478 διαπρα·

231 483 367 562 ξόμενον
390 481 478 562 ἔργα,
501 484 534 549 ἐξ
559 481 605 549 ὧν
628 484 679 548 καί
703 483 833 564 λάφυρα
856 489 1005 565 δωρεῖται
1024 489 1092 549 τοῑε
1112 484 1290 564 τυμμάχοιτ.
1324 486 1407 553 είλε

232 573 272 636 δὲ
304 574 373 652 τὴν
401 572 544 651 (κῦρον
575 571 638 636 ὅτε
671 573 725 638 εί(
757 573 898 638 Αὐλίδα
931 573 1240 653 ἐττρατολόγουν
1269 576 1331 640 διὰ
1363 578 1408 642 τὸ

232 661 330 726 είνατ
353 662 433 725 ἐκεῖ
457 660 642 726 Δόλοπα(
665 660 907 729 ἀποττάντατ
929 669 994 742 τῆς
1017 664 1175 742 Πηλέωε
1198 660 1329 743 ἀρχῆς·

490 759 630 825 ἔπλεον
654 759 708 824 εἰ(
732 762 875 839 (κῦρον
899 760 1137 839 Δολοπηίδα.

231 859 304 924 τότε
325 860 360 923 δὲ
380 858 507 923 καὶτὸν
527 856 755 937 Νεοπτόλεμον
773 858 1058 938 ἐπαιδοποιήτατα
1081 852 1112 922 κ’
1132 859 1167 922 δὲ
1187 857 1242 939 ἔτη
1262 860 1326 925 ἐττί
1345 861 1407 927 πά-

231 970 285 1029 (ηε
308 955 364 1027 τήτ
394 952 592 1026 παραεκευῆτ
615 951 672 1011 τοῦ
696 949 840 1025 πολέμου
868 947 948 1012 ὥετε
976 948 1108 1014 δύναται
1137 946 1156 1010 δ
1181 949 1409 1031 Νεοπτόλεμος

231 1037 519 1115 ὀκτωκαιδεκαέτης
542 1036 732 1115 ετρατεύειν.
769 1034 894 1102 Ἐνυεὺε
917 1039 953 1100 δὲ
977 1037 1138 1101 Διονύεου
1158 1039 1208 1101 καί
1231 1036 1408 1121 Ἀριάδνητ,

231 1131 268 1195 ὃ(
293 1129 413 1205 Κρῆτα(
437 1122 570 1202 ἀγαγὼν
593 1125 692 1190 ἔκτιεε
715 1127 774 1204 τὴν
793 1125 897 1190 πόλιν.
930 1125 960 1190 οί
983 1127 1019 1190 δὲ
1038 1125 1228 1204 ὁμωνύμου(
1251 1128 1310 1192 δύο
1329 1130 1407 1194 (κύ-

231 1239 306 1298 ρουε
331 1215 427 1295 φαεὶν
451 1212 501 1278 ὅτι
524 1215 597 1293 περὶ
624 1214 743 1280 Αὐλίδα
770 1216 790 1293 ἡ
814 1216 941 1293 (κῦροτ.
982 1219 1037 1278 His
1066 1239 1102 1278 ox
1130 1218 1249 1280 scholiis
1280 1226 1408 1299 apparet

221 1331 298 1378 sam
322 1307 511 1384 sententiam,
534 1327 624 1384 quam
642 1307 674 1366 in
692 1308 782 1368 schol.
806 1304 831 1368 T
850 1311 914 1368 326
939 1309 976 1368 ab
995 1308 1170 1368 Aristarcho
1193 1309 1321 1370 alienam
1340 1330 1409 1372 esse

230 1397 446 1484 demonstravi,
478 1415 620 1457 conexam
654 1415 719 1456 esse
751 1397 809 1472 ipsi
839 1397 885 1456 illi
919 1397 1063 1474 opinioni,
1096 1417 1155 1474 qua
1190 1398 1298 1476 viginti
1334 1400 1408 1460 anni

230 1491 268 1550 ab
301 1488 434 1547 Helenae
466 1490 555 1562 raptu
590 1505 682 1563 usque
715 1486 754 1545 ad
787 1486 894 1545 Troiae
926 1487 1086 1564 excidium,
1112 1487 1216 1548 decem
1246 1507 1408 1565 praepara-

196 1591 198 1598 '
232 1579 360 1653 tionum,
393 1576 481 1635 altori
513 1576 615 1635 decem
650 1576 743 1652 ipsius
780 1569 883 1656 helli¹)
917 1577 1175 1652 computabantur.
1225 1576 1290 1637 Hoc
1326 1579 1408 1638 enim

232 1669 336 1745 opinor
358 1666 419 1725 iam
442 1664 565 1724 dubium
588 1683 648 1723 non
670 1668 717 1724 est
735 1665 806 1742 quin
829 1684 904 1741 quae
928 1667 1018 1726 schol.
1042 1661 1067 1725 Τ
1088 1668 1150 1726 326
1170 1666 1238 1726 inde
1265 1687 1283 1726 a
1305 1667 1408 1728 verbis

230 1754 289 1818 οὐκ
307 1753 386 1832 ἠταν
405 1751 441 1814 δὲ
460 1753 524 1814 κτλ.
544 1754 711 1830 oppugnari
729 1754 849 1815 videtur
867 1755 1010 1830 temporis
1029 1755 1220 1832 computatio,
1238 1775 1275 1816 ea
1293 1756 1406 1818 scholio

231 1842 336 1907 Ω765
361 1843 539 1903 defendatur
562 1843 599 1902 ab
623 1843 695 1919 ipsis
718 1844 778 1903 illis
802 1844 969 1904 rationibus
987 1864 1063 1921 quae
1083 1844 1172 1904 schol.
1188 1840 1213 1905 T
1228 1847 1291 1905 326
1316 1865 1407 1922 oppo-

231 1937 352 1995 nuntur.
400 1931 478 2002 Quid
507 1932 697 1991 iudicandum
725 1933 791 1992 est?
834 1935 897 1993 Aut
924 1933 1002 1992 enim
1031 1933 1157 2008 Scyrum
1184 1933 1313 1993 insulam
1339 1955 1406 1997 esse

231 2042 325 2101 prope
349 2022 500 2081 Euboeam
524 2022 627 2097 sitam,
654 2025 707 2081 aut
734 2022 843 2082 falsam
866 2040 931 2082 esse
953 2025 988 2080 nt
1015 2022 1149 2081 breviter
1170 2023 1276 2099 loquar
1298 2024 1408 2104 viginti

232 2129 377 2172 annorum
401 2111 654 2187 computationem
676 2130 735 2171 non
755 2131 791 2170 ox
814 2130 867 2171 sua
889 2111 983 2186 ipsius
1002 2110 1152 2170 sententia
1175 2112 1336 2189 scripsisse,
1355 2116 1407 2176 sed

231 2204 332 2263 itaut
355 2199 431 2259 alius
461 2200 629 2276 opinionem
652 2200 789 2276 referret,
813 2201 839 2260 is
857 2201 1007 2278 putandus
1033 2203 1079 2260 est
1101 2200 1149 2259 cui
1175 2200 1407 2264 scholion‘illud

232 2291 367 2351 debetur.
409 2290 503 2365 Atqui
531 2291 579 2350 faa
607 2290 712 2349 scholii
741 2285 767 2350 Ω
793 2292 854 2350 765
879 2290 904 2348 Β
932 2292 1060 2351 alteram
1090 2293 1208 2364 partem
1238 2294 1344 2351 totam'
1362 2293 1406 2353 in·

230 2380 348 2441 teriisse
362 2397 457 2455 nsque
472 2378 633 2454 quidquam
652 2378 788 2438 relictum
808 2398 874 2438 esse
892 2379 950 2438 nisi
968 2377 1125 2456 quaeinde
1140 2381 1263 2440 asorbo
1288 2381 1407 2455 ψευδέ(

230 2488 324 2546 usque
357 2468 395 2527 ad
431 2467 622 2528 refutationis
655 2467 774 2527 initium
810 2469 964 2546 leguntur:
1001 2486 1124 2543 prorsus
1161 2469 1310 2528 contraria
1345 2475 1404 2532 sta-

125 2623 131 2636 ,
230 2561 388 2620 tuerentur
403 2557 439 2615 ds
455 2557 559 2616 scholii
573 2555 687 2634 origine
705 2589 742 2598 -
760 2558 849 2633 atque
863 2557 940 2616 falso
960 2555 1090 2634 quidem.¹
1121 2556 1196 2616 Cum
1208 2559 1302 2636 igitur
1322 2562 1404 2620 scho-

229 2649 293 2707 lion
319 2643 345 2706 T
370 2648 433 2707 326
462 2646 603 2707 mutilum
636 2665 716 2722 esse,
734 2649 851 2707 constet
884 2651 914 2707 et
941 2646 1082 2706 facillime
1114 2646 1180 2705 fieri
1210 2649 1344 2724 potuerit
1371 2655 1405 2711 ut

230 2735 377 2813 opinionis
400 2753 476 2811 quae
500 2754 578 2795 nunc
604 2734 724 2794 videtur
747 2736 925 2812 vituperari,
956 2735 1093 2796 interiret
1116 2735 1263 2813 defensio,
1292 2738 1404 2799 scholia

229 2822 255 2886 Τ
279 2828 343 2886 326
369 2828 399 2885 et
422 2819 448 2883 Ω
474 2826 536 2884 765
562 2825 633 2884 olim
661 2843 754 2883 unum
782 2824 918 2901 idemque
947 2826 1038 2885 fuisse
1065 2825 1166 2901 aliqua
1192 2826 1405 2902 probabilitate

229 2915 363 2975 conicere
393 2913 472 2975 licet.
517 2914 560 2973 At
588 2913 613 2972 si
639 2913 713 2973 haec
740 2914 910 2974 coniectura
936 2914 1100 2990 probabilis
1126 2917 1185 2991 est,
1213 2915 1404 2976 Aristarchus

231 3004 320 3064 schol.
349 2999 374 3063 Τ
404 3005 467 3063 326
495 3022 555 3062 non
582 3002 764 3076 defenditur,
792 3003 844 3064 sed
872 3008 1074 3080 oppugnatum
1103 3023 1178 3079 quae
1203 3004 1255 3062 ille
1281 3023 1402 3080 prorsus

231 3093 388 3169 abiecerat,
407 3110 473 3151 oum
493 3093 624 3151 Homero
642 3092 742 3168 aliquo
761 3092 849 3152 modo
868 3093 1071 3154 conciliantur.
1109 3091 1295 3164 Quinetiam
1316 3093 1402 3152 valde

228 3182 328 3259 placet
355 3181 504 3242 sententia
532 3181 619 3240 huius
652 3180 757 3240 scholii
787 3183 940 3242 auctorem
971 3184 1075 3241 contra
1106 3181 1312 3242 Aristarchum
1343 3202 1403 3242 non

230 3272 327 3332 solum
344 3271 498 3347 uolgarem
521 3271 669 3347 fabulam,
692 3289 751 3346 qua
769 3271 983 3347 Neoptolemus
1007 3271 1062 3329 suh
1086 3271 1183 3346 ipsum
1205 3275 1322 3348 tempus
1345 3292 1403 3349 quo

228 3364 316 3436 pater
334 3359 372 3418 ad
390 3360 502 3419 bellum
524 3350 655 3440 eribat²)
674 3362 763 3419 natus
782 3378 847 3420 esse
865 3359 1027 3433 ferebatur,
1046 3360 1212 3419 narrationi
1230 3360 1404 3421 Homericae

230 3449 421 3526 supposuisse
450 3448 616 3509 sedetiam
642 3467 762 3508 versum
786 3445 812 3508 Ω
838 3451 900 3508 765
929 3448 967 3506 ah
996 3449 1081 3508 obelo
1109 3448 1289 3526 defendisse,
1316 3470 1404 3526 quem

230 3538 336 3597 ultimo
350 3537 427 3597 libro
443 3537 544 3598 Iliadis
556 3537 664 3614 quippe
679 3537 730 3613 qui
745 3537 879 3597 aceteris
894 3535 974 3596 haud
988 3557 1056 3596 raro
1071 3537 1205 3613 graviter
1214 3539 1404 3616 discreparet,

229 3627 267 3686 ab
287 3627 461 3687 Aristarcho
481 3646 569 3703 saepe
588 3625 756 3685 adhibitum
775 3644 840 3685 esse
854 3620 1007 3708 constat.)
1044 3627 1148 3704 Neque
1163 3628 1194 3686 in
1207 3627 1314 3688 ceteris
1329 3648 1403 3704 quae

230 3717 267 3776 ad
288 3715 444 3776 historiam
467 3716 615 3792 poeticam
637 3715 789 3791 pertinent
813 3714 931 3775 scholiis
955 3716 1064 3776 desunt
1086 3716 1214 3794 vestigia
1236 3715 1403 3778 Aristarchi

231 3805 478 3865 adversariorum.
517 3805 588 3863 Tria
611 3804 706 3863 habeo
730 3823 806 3880 quae
829 3807 911 3864 certa
934 3805 1068 3865 adferam
1093 3803 1238 3881 exempla:

363 3887 453 3955 schol.
477 3891 503 3955 0
528 3897 591 3953 229
616 3892 644 3949 V
672 3888 730 3952 hdo
755 3887 774 3951 ὁ
798 3888 948 3954 (ιδώνιότ
976 3911 1071 3970 φηειν
1097 3889 1177 3954 εἶναι
1200 3888 1256 3951 τὰ(
1279 3887 1402 3964 αἰγίδα(

364 3982 423 4058 τὴν
446 3980 504 4057 μὲν
528 3979 608 4043 Διὸς
636 3979 694 4057 τὴν
723 3979 758 4041 δὲ
788 3976 919 4056 Ἀθηνᾶ(
948 3979 1027 4044 αὐτὸ
1057 3978 1156 4058 μόνον
1183 3977 1313 4056 τκέπην,
1345 3977 1403 4056 ἐφ’

362 4067 399 4146 ἣ(
423 4087 510 4148 νον·
1080 4111 1082 4116 -

305 4207 323 4273 ¹)
342 4204 454 4259 Erravit
473 4203 627 4258 scholiasta
644 4203 827 4260 Horneianus.
848 4238 879 4246 —
907 4207 927 4276 ¹)
952 4205 1084 4272 Quamvis
1107 4203 1268 4286 discrepent
1290 4204 1402 4260 fabulae

230 4277 265 4332 de
289 4275 469 4346 Neoptolemi
492 4276 574 4344 natu,
597 4275 651 4330 hoc
674 4276 803 4331 omnibus
827 4293 973 4332 commune
996 4279 1052 4344 est,
1076 4275 1128 4329 sub
1150 4274 1265 4330 initium
1284 4275 1355 4331 belli
1373 4276 1402 4330 id

230 4348 374 4403 accidisse.
399 4379 432 4390 -
458 4349 478 4415 ³)
496 4345 527 4402 Ε.
547 4365 570 4402 ο.
590 4348 639 4415 qui
658 4346 732 4404 inter
750 4348 823 4402 hunc
842 4366 952 4404 versum
971 4349 1033 4414 eth
1055 4355 1104 4403 175
1123 4350 1167 4403 est
1185 4345 1328 4404 dissensus
1347 4366 1401 4404 non

229 4419 324 4492 potuit
342 4419 438 4490 fugere
459 4418 657 4476 Aristarchum.
