3086 5124
265 235 308 294 De
327 236 442 293 scholiis
461 238 616 293 Homericis
635 239 672 294 ad
689 239 837 294 historiam
855 238 1011 295 fabularem
1030 239 1244 310 pertinentibus.
1279 242 1346 306 415

168 405 328 470 Nestorem
361 406 485 468 Gerenia
521 408 615 468 fuisse
652 427 720 468 cum
753 407 847 485 Pylus
885 410 1071 471 everteretur
1107 408 1175 468 inde
1214 411 1252 468 ab
1284 409 1344 469 He-

169 497 252 558 siodo
277 492 329 576 [ci.
357 495 400 558 et.
423 497 495 573 Byr.
523 518 551 573 p.
575 499 649 574 205,
674 494 769 574 δρα]
798 497 930 574 volgaris
957 497 1062 556 fabula
1089 501 1155 558 erat
1182 495 1231 574 [cf.
1255 499 1345 560 Paus.

168 587 216 646 ΙΠ
239 589 296 664 26,
325 579 377 668 8¹)
415 586 586 662 Apollodor.
613 585 646 646 II
671 590 698 663 7,
728 589 761 661 3,
792 589 808 645 1
843 585 945 646 echoll.
971 583 1078 648 3335
1098 587 1212 646 ADLd
1239 584 1343 648 Ε392

168 673 243 735 DLd
265 692 286 748 γ
307 677 347 736 68
380 674 428 735 Ht.
449 676 488 736 M.
510 695 539 752 p.
565 678 637 751 227,
662 673 728 752 49].
764 674 809 734 De
833 677 930 734 altera
953 676 1103 736 sententia
1124 677 1160 737 cf.
1180 675 1345 736 Diodorum

170 762 246 840 [IIII
270 766 322 838 31,
346 762 394 840 4]:
419 758 437 824 ὁ
461 761 519 838 μὲν
542 759 601 826 οὖν
630 761 753 838 Νηλεὺ(
783 759 1036 840 βουλευώμενο(
1065 761 1143 839 μετὰ
1170 764 1237 826 τῶν
1265 761 1344 825 υἱῶν

168 848 264 929 ἔλαβε
287 847 412 914 πάντα(
434 852 519 928 πλὴν
540 850 697 928 Νέττορο(
715 853 774 914 τοῦ
795 849 960 915 νεωτάτου
989 854 1278 927 (υγκαταινοῦντα(
1302 852 1343 929 μὴ

170 939 399 1018 προεδέξαεθαι
422 939 480 1004 τὸν
504 937 676 1018 καθαρμόν.

254 1031 331 1092 Arte
349 1051 417 1092 cum
435 1031 481 1092 his
500 1031 661 1092 cohaerent
674 1051 751 1108 quae
765 1033 802 1092 de
816 1032 945 1094 Hercule
963 1037 995 1093 et
1008 1033 1125 1110 Euryto
1143 1033 1188 1093 ita
1205 1052 1224 1092 a
1241 1052 1342 1110 gram-

167 1121 275 1180 matico
294 1120 430 1196 exposita
448 1123 518 1180 sunt
538 1123 573 1181 ut
592 1120 695 1182 eedem
714 1123 829 1182 ratione
848 1141 907 1198 qua
926 1140 1018 1198 supra
1034 1122 1107 1200 ipsis
1121 1111 1232 1183 fabulis
1251 1124 1342 1184 mori·

168 1211 283 1288 basque
306 1209 473 1270 Homericis
496 1210 776 1287 interpretationem
799 1211 948 1287 applicare
972 1210 1118 1271 studeret:

299 1299 389 1359 schol.
413 1315 439 1375 φ
460 1299 544 1360 22Β
569 1293 749 1361 Αὐτόλυκο(
778 1294 797 1359 ὁ
823 1295 937 1374 Ἑρμοῦ
965 1297 1087 1374 κλέψα(
1115 1297 1171 1372 τὰ(
1200 1297 1341 1378 Εὐρύτου

297 1385 417 1450 ἵππου(
446 1385 610 1464 πέπρακεν
633 1382 731 1449 αὐτὰ(
763 1389 809 1468 τῷ
837 1384 995 1464 Ἡρακλεῖ,
1023 1384 1062 1450 ἃ(
1089 1389 1194 1464 Ζητῶν
1222 1384 1342 1466 'terroe

299 1477 433 1559 περιῄει·
459 1473 518 1538 τὸν
540 1473 602 1552 γὰρ
626 1471 724 1552 Ἰόλη(
747 1473 853 1553 ἔρωτα
872 1472 930 1538 οὐκ
952 1472 1042 1539 οἶδεν
1066 1474 1084 1539 ὁ
1108 1477 1241 1556 ποιητὴ(
1265 1475 1343 1542 οὐδὲ

299 1561 343 1626 ω(
366 1561 540 1644 ἀποτυχὼν
563 1565 622 1627 τοῦ
646 1561 769 1643 ἔρωτο(
791 1567 848 1642 τῆ(
875 1560 974 1643 Ἰόλη(
1002 1562 1119 1645 ἔκλεψε
1142 1564 1199 1630 τὰ(
1221 1564 1341 1631 ἵππου(

303 1651 452 1732 Εὐρύτου.

165 1744 211 1808 cf.
235 1746 325 1806 schol.
348 1761 374 1820 φ
399 1749 439 1808 31
459 1746 485 1805 Β
509 1744 610 1822 δῆλον
634 1743 670 1806 δὲ
693 1739 742 1806 ὅτι
765 1740 817 1806 καὶ
841 1741 905 1820 πρὸ
924 1740 1120 1820 Ἡρακλέου(
1142 1742 1183 1823 ἢν
1206 1741 1339 1823 teupu-

164 1850 229 1896 τοί.
266 1834 410 1898 Versibus
433 1833 513 1896 enim
536 1838 554 1898 θ
579 1837 642 1896 226
662 1852 719 1910 sq.:

253 1958 300 2018 τῶ
323 1953 364 2034 ῥα
386 1955 438 2020 καὶ
461 1952 535 2033 αἶψ’
558 1954 673 2022 ἔθανεν
697 1954 795 2032 μέγα(
819 1953 958 2033 Εὔρυτο(
981 1952 1058 2018 οὐδ’
1079 1953 1133 2019 ἐπὶ
1156 1959 1255 2035 γῆρα(

253 2042 333 2108 ἵκετ’
356 2044 404 2108 ἔνὶ
427 2043 602 2122 μεγάροιο·
627 2041 851 2122 χολω(άμενο(
874 2043 936 2121 γὰρ
959 2040 1128 2108 Ἀπόλλων

253 2131 386 2198 ἔκτανεν
409 2131 528 2198 οὕνεκά
550 2153 603 2212 μιν
626 2131 837 2216 προκαλίζετο
859 2131 1043 2200 τοξάζεεθαι

164 2262 278 2323 innisus
306 2260 489 2338 improbavit
516 2279 606 2338 quam
638 2260 851 2338 mythographi
882 2277 1007 2319 narrare
1040 2259 1178 2321 solebant
1206 2262 1341 2322 fabulam

164 2371 306 2430 magnum
324 2351 474 2428 Eurytum
492 2351 531 2410 ab
549 2350 679 2410 Hercule
702 2349 734 2408 in
756 2349 836 2409 bello
855 2349 1071 2426 interemptum
1089 2369 1163 2410 esse.
1201 2349 1342 2412 Ceterum

164 2442 269 2502 eadem
303 2441 419 2500 ratione
446 2440 606 2501 Herculem
637 2437 810 2508 foedissimo
842 2438 965 2500 crimine
1001 2438 1203 2514 Apollodorus
1231 2445 1342 2523 purgat

168 2528 386 2608 meam

252 2620 332 2682 Item
354 2639 472 2680 morum
495 2619 604 2679 aetatis
626 2618 804 2678 Homericae
832 2617 910 2678 ratio
938 2616 1068 2676 habetur
1095 2617 1148 2675 ubi
1170 2616 1342 2695 disputatur

166 2710 204 2770 de
226 2711 341 2790 Epigeo
365 2707 562 2786 Myrmidone,
585 2727 674 2784 quem
695 2707 859 2785 fugitivum
881 2706 990 2766 Peleus
1013 2707 1181 2783 receperat:

299 2798 390 2859 schol.
414 2795 446 2860 Π
466 2799 528 2857 572
548 2795 577 2852 V
599 2793 811 2858 τὸ.Βούδειον
829 2792 923 2857 πόλι(
943 2793 1080 2858 Φθιῶτι(
1101 2789 1166 2856 ἀπὸ
1186 2791 1341 2857 Βουδείου

297 2887 355 2946 τοῦ
378 2881 498 2960 Ἄργου
522 2880 738 2960 ὠνοματμένη.
768 2885 838 2945 πῶ(
861 2883 897 2946 δὲ
922 2880 962 2946 ἂν
984 2880 1105 2946 ἱκέτευε
1129 2881 1188 2946 τὸν
1213 2883 1342 2962 βααλέα

297 2977 353 3051 τῆ(
376 2969 494 3035 ἑαυτοῦ
517 2968 658 3045 πόλεως
688 2969 727 3034 οὐ
755 2970 817 3048 γὰρ
845 2968 920 3035 ἔθο(
942 2973 1050 3034 τοῦτο.
1081 2967 1157 3034 leurs
1186 2969 1245 3035 οὖν
1273 2968 1339 3036 ἀπὸ

298 3058 451 3125 Βουδεία(
482 3062 538 3137 τῆ(
565 3056 826 3142 τάποκτιμένον
858 3062 915 3136 τῆ(
948 3057 1103 3122 Βοιωτία(
1135 3063 1191 3137 τῆ(
1222 3058 1340 3138 μητρὸ(

298 3148 443 3228 Ἐργίνου
465 3147 635 3226 ἐπώνυμα(
658 3147 698 3227 ἦν
721 3147 814 3212 πόλι(
837 3147 873 3213 ἔν
896 3150 935 3230 τῇ
955 3145 1092 3230 Βοιωτίᾳ
1114 3149 1153 3212 τὸ
1173 3149 1342 3228 Βούδειον,

297 3241 317 3318 ἢ
341 3236 425 3317 τάχα
450 3237 544 3316 ἑτέρα
567 3236 655 3316 παρὰ
677 3236 796 3315 ταύτην
819 3234 892 3299 ἔ(τί.

252 3332 298 3392 Νο
316 3351 335 3391 a
354 3331 399 3392 dis
422 3330 543 3407 quidem
566 3349 597 3390 se
621 3329 767 3390 abstinuit
788 3327 979 3406 grammatici
1003 3329 1168 3392 euriositas.
1204 3332 1338 3410 Neptuni
1411 3371 1414 3378 ⁴

163 3423 268 3482 domus
283 3421 436 3498 opulentia
450 3423 481 3480 et
494 3418 675 3479 firmitudine
688 3419 840 3496 ingenium
854 3421 993 3478 movetur
1012 3422 1046 3478 ut
1064 3415 1148 3480 αἰτία
1162 3421 1337 3500 effingatur:

297 3511 387 3571 schol.
410 3506 437 3571 Ν
458 3507 547 3569 222
574 3504 645 3569 ἐπεὶ
670 3504 846 3584 Ἥφαιετο(
875 3501 957 3567 αὐτὰ
984 3503 1133 3584 ἔποίη(εν
1161 3504 1216 3572 ὅτε
1245 3509 1337 3574 θέτι(

296 3597 347 3660 καὶ
369 3593 534 3674 Εὐρυνόμη
557 3593 657 3658 αὐτὸν
679 3592 877 3659 ὑπεδέξαντο
901 3590 1040 3658 πε(όντα
1064 3593 1183 3677 [(398
1204 3595 1271 3679 sq.].

252 3688 385 3760 Quaerit
398 3707 458 3764 qua
480 3688 517 3746 de
540 3705 630 3746 causa
652 3686 811 3763 Neptunus
834 3706 902 3748 cum
925 3686 1055 3763 Argivos
1078 3688 1110 3747 in
1131 3708 1264 3766 pugnam
1287 3711 1335 3750 er-

163 3778 272 3840 citaret
294 3777 465 3839 Calchantis
489 3775 617 3853 speciem
639 3775 783 3836 induerit:

238 3931 257 4000 ¹)
277 3929 354 3996 Quae
373 3928 462 3984 altero
481 3927 544 3982 loco
562 3925 652 3981 tradit
664 3925 818 3982 Pausaniae
837 3928 865 3984 ol
883 3930 914 3983 δὲ
933 3930 961 3983 ἔ(
978 3934 1065 3983 τοῦτο
1084 3931 1173 3984 ἐλθεῖν
1191 3932 1335 3998 φεύγοντα

161 4005 197 4058 τὸ
214 4002 318 4070 χωρίον
335 4002 418 4070 ἡνίκα
435 4002 529 4055 Πύλα(
546 3999 671 4066 ἠλίκκετο
690 4001 744 4054 ὑπὸ
765 4001 931 4067 Ἡρακλέου(
952 3998 1097 4069 pertinent
1118 4001 1155 4055 ad
1172 4001 1276 4056 falsam
1293 4002 1335 4057 in-

162 4073 395 4144 terpretationem
421 4070 559 4128 formulae
586 4068 752 4126 Homericae
783 4071 887 4128 ἱππότα
921 4072 1031 4141 Νὲ(τωρ
1058 4071 1092 4127 of.
1120 4071 1270 4128 Aristonis.
1299 4076 1336 4130 ad

162 4146 186 4200 Ξ
211 4151 270 4201 117.
296 4150 346 4199 119
369 4143 462 4214 ΑροΠ.
489 4143 544 4196 lex.
572 4140 654 4198 Hom.
676 4160 704 4212 p.
729 4149 818 4208 θ2,4
848 4142 935 4199 schol.
964 4144 984 4197 Β
1008 4149 1059 4198 335
1090 4144 1151 4197 cod.
1179 4143 1240 4197 Par.
1265 4152 1335 4202 2556

165 4215 267 4288 [Crem.
287 4215 390 4270 Anecd.
410 4217 473 4270 Par.
491 4212 531 4268 ΙΙΙ
550 4231 576 4283 p.
595 4215 668 4284 153}
701 4212 775 4267 Mira
792 4213 883 4269 tradit
895 4213 997 4282 Hygin.
1016 4213 1073 4268 feb.
1088 4214 1114 4267 X
1133 4215 1211 4268 ‘nam
1230 4214 1334 4272 duode-

162 4287 250 4344 cimus
264 4286 366 4342 Nestor
382 4285 413 4342 in
430 4284 485 4342 Ilio
500 4285 584 4342 erat'.
617 4285 694 4340 Num
707 4282 738 4339 in
756 4284 854 4341 codice
869 4283 975 4339 Graeco
989 4301 1040 4354 pro
1055 4287 1085 4340 ἐν
1104 4287 1191 4341 Ἤλιδι
1209 4285 1282 4342 falso
1305 4291 1335 4345 ἐν

163 4360 229 4430 Ἰλίῳ
248 4355 382 4426 scriptum
395 4357 475 4414 erat?
495 4357 573 4424 quod
588 4372 654 4412 sane
663 4357 773 4411 factum
788 4361 832 4412 est
844 4355 931 4411 schol.
947 4358 964 4411 Γ
980 4361 1013 4412 75
1027 4354 1058 4410 in
1072 4354 1216 4412 codicibus
1227 4357 1334 4416 Veneto

161 4430 236 4486 Aee
252 4427 389 4484 Leidensi.
422 4427 465 4483 De
485 4427 604 4485 Gerenia
622 4426 728 4484 Eliadis
749 4426 783 4482 ef.
804 4426 896 4484 serub.
916 4426 980 4494 vlu
997 4445 1024 4498 p.
1045 4433 1104 4484 340.
