3086 5124
263 267 305 321 De
324 265 440 321 scholiis
459 265 616 320 Homericis
635 267 671 322 ad
688 265 837 322 historiam
856 265 1014 322 fabularem
1031 267 1246 338 pertinentibus.
1276 267 1341 332 411

169 432 284 496 Veneto
311 435 337 493 B
366 438 486 496 servata
514 439 596 512 sunt,
629 435 689 494 alia
718 437 823 495 emant
849 439 997 496 notomata
1022 436 1159 512 inprimis
1185 437 1218 496 in
1244 436 1343 496 oodieo

169 520 353 601 victoriano,
376 524 483 600 quibus
506 524 564 584 viri
596 524 676 584 docti
702 525 794 584 velim
821 525 935 586 animos
968 526 1135 586 advertant.
1184 525 1345 596 Quaeritur

169 613 213 673 ibi
239 617 274 672 ut
301 614 378 673 solet
406 632 459 674 cur
485 613 635 672 Homerus
662 613 792 689 aliquem
819 614 932 690 aliquid
959 618 1098 692 agentem
1124 615 1174 674 vel
1197 613 1344 674 dicentem

169 701 288 778 fecerit3
316 702 425 762 solutio
452 702 568 778 petitur
590 721 627 761 ex
649 702 791 762 historiae
818 703 965 763 fabularis
992 703 1146 763 recondita
1173 706 1205 762 et
1231 704 1343 764 absona

169 791 312 867 dochino,
336 791 383 851 oni
401 791 477 850 miro
495 791 584 852 modo
606 795 713 868 poetae
737 793 897 852 verborum
920 811 1094 868 morumque
1117 792 1344 853 Homericorum

171 880 341 940 observatio
373 883 420 940 est
449 880 591 941 admixta.
634 881 719 940 Adeo
751 899 823 940 vcro
855 881 935 941 inter
967 901 999 942 se
1031 881 1141 941 similia
1168 884 1239 942 sunt
1271 883 1344 940 haee

171 969 283 1029 scholia
305 969 507 1046 historiaeque
529 969 675 1030 fabularis
699 989 735 1030 ea
757 970 920 1049 exhibetur
936 971 1046 1030 notitia
1067 974 1103 1031 ut
1125 971 1226 1030 omnia
1249 969 1345 1030 eidem

170 1059 285 1119 auctori
312 1058 446 1118 tribuere
473 1077 534 1119 non
561 1059 709 1136 dubitem,
736 1077 917 1135 quamquam
944 1060 1010 1135 quis
1037 1060 1089 1118 ille
1116 1059 1210 1119 fuerit
1236 1059 1344 1120 nescio.

170 1147 239 1207 Etsi
266 1147 346 1206 enim
373 1165 444 1208 casu
471 1147 578 1208 accidit
604 1153 640 1209 ut
666 1167 762 1224 pauca
789 1153 879 1224 atque
908 1168 943 1208 ea
965 1148 1110 1209 levissimi
1137 1149 1257 1225 quidem
1281 1168 1344 1209 mo-

170 1237 265 1296 menti
291 1237 459 1296 commnnia
485 1237 578 1297 insint
604 1255 672 1297 cum
699 1237 881 1314 Porphyrio,
908 1238 935 1298 is
962 1238 1106 1298 historiae
1131 1237 1262 1298 fabulari
1284 1257 1344 1299 non

170 1326 300 1385 multum
323 1318 495 1405 studebat¹)
514 1329 639 1402 totoque
658 1327 740 1386 eaelo
759 1327 798 1386 ab
817 1326 880 1386 eius
903 1327 1084 1402 loquacitate
1104 1327 1237 1387 brevitas
1261 1326 1343 1386 scho-

169 1415 279 1474 liorum
288 1433 383 1490 paene
393 1415 518 1475 obscura
528 1415 632 1491 distat3
647 1415 774 1492 denique
789 1416 968 1476 aetematnm
978 1416 1109 1476 rationes
1120 1419 1190 1478 sunt
1200 1415 1345 1489 diversae,

172 1503 312 1580 quoniam
330 1503 411 1580 apud
427 1504 631 1580 Porphyrium
648 1505 824 1581 plerumque
845 1505 1003 1565 solvuntur
1020 1524 1096 1581 quae
1116 1505 1174 1564 sibi
1192 1505 1344 1566 contraria

172 1611 237 1652 esse
255 1592 403 1668 videntur,
421 1592 454 1652 in
472 1592 519 1653 his
538 1593 658 1654 scholiis
677 1612 783 1654 causae
803 1597 991 1670 exponuntur
1009 1594 1053 1653 rei
1072 1594 1110 1653 ab
1130 1593 1260 1653 Homero
1278 1612 1345 1652 nar-

170 1685 265 1759 ratae,
283 1701 351 1741 raro
365 1681 447 1742 illius
461 1683 580 1759 generis
596 1684 784 1759 quaestiones
799 1692 994 1759 exponuntur.
1022 1683 1117 1743 Locos
1132 1701 1264 1759 propono
1277 1683 1345 1742 hos:

306 1770 395 1831 schol.
419 1768 444 1831 Α
468 1774 533 1832 400
556 1771 608 1832 BL
633 1771 776 1833 πιθανῶς
803 1769 879 1832 τοὺς
906 1765 1071 1846 Ἀχαϊκοῦ(
1095 1769 1188 1833 θεοὺς
1211 1768 1344 1846 ἠχθρευ-

304 1857 392 1920 κέναι
420 1855 475 1920 Διί
502 1876 598 1936 φηςιν
624 1853 670 1920 ἵν’
698 1855 848 1922 ἀκούοιτο
879 1857 979 1921 Θέτις.
1011 1857 1095 1920 τινὲς
1126 1857 1162 1919 δὲ
1190 1854 1261 1920 ἀντὶ
1287 1859 1346 1920 τοῦ

305 1941 436 2024 Ἀθήνη
450 1944 609 2025 γράφουςι
623 1946 683 2010 καὶ
694 1947 836 2026 Φοῖβος
846 1943 1181 2010 Ἀπόλλωντοθτον
1190 1945 1251 2024 γὰρ
1262 1944 1346 2010 εἰκὸς

304 2033 512 2112 ήχθρευκέναι
527 2035 582 2098 Διὶ
600 2036 640 2114 μὴ
660 2036 805 2114 φέροντα
824 2035 883 2098 τόν
896 2037 995 2114 ζῆλον
1013 2039 1069 2115 τῆς
1088 2033 1212 2098 ἐκείνου
1230 2052 1345 2113 τυραν-

305 2121 406 2186 νίδος·
429 2121 505 2188 ὅθεν
523 2123 628 2203 Ἥραν
647 2125 704 2201 μὲν
723 2127 781 2202 δεῖ,
800 2125 876 2188 τοὺς
895 2124 930 2186 δὲ
949 2123 1147 2202 Λαομέδοντι
1167 2121 1344 2187 ὑποτάςςει.

304 2209 336 2275 οἱ
358 2212 394 2274 δὲ
416 2211 521 2291 Ἥραν
539 2214 598 2291 μὲν
617 2211 670 2276 διὰ
692 2213 730 2276 τὸ
750 2214 887 2277 πολλοῖς
906 2211 1078 2291 μίγνυςθαι,
1102 2213 1291 2278 Ποςειδῶνα
1310 2212 1346 2274 δὲ

274 2345 276 2351 ,
305 2300 413 2364 διὰτὸ
437 2299 482 2364 εἰς
499 2303 558 2381 τὴν
582 2303 737 2380 διανομὴν
756 2303 1055 2381 πεπλεονεκτῆςθαι,
1079 2299 1214 2379 Ἀθηνᾶν
1238 2301 1274 2364 δὲ
1294 2300 1346 2364 διὰ

305 2389 344 2452 τὸ
368 2387 602 2470 ἀναγκαςθῆναι
622 2394 793 2470 ζευχθῆναι
816 2389 987 2474 Ἡφαίςτῳ.

169 2483 252 2554 Quae
290 2486 431 2542 secuntur
466 2482 498 2541 in
532 2483 558 2542 B
590 2503 627 2542 ex
663 2483 809 2543 Heracliti
845 2483 998 2560 allegoriis
1036 2480 1087 2558 [ad
1124 2479 1149 2542 Α
1184 2479 1262 2558 399]
1296 2500 1345 2540 ex·

1 2625 2 2642 ,
169 2565 314 2652 carpta2),
338 2589 356 2631 a
378 2571 501 2631 librario
525 2591 579 2632 suo
603 2591 686 2632 more
708 2573 786 2632 falso
809 2591 875 2631 esse
898 2564 1037 2652 adsuta³)
1061 2573 1186 2647 apparet
1209 2589 1226 2628 e
1247 2570 1346 2630 codiee
1439 2620 1442 2626 Δ

1 2667 2 2748 ᾗ
120 2723 122 2726 ,
170 2660 320 2738 Lipsiensi
337 2661 390 2720 ubi
407 2661 463 2720 sub
482 2661 541 2721 alio
555 2662 696 2722 lemmate
714 2679 836 2738 prorsus
857 2663 972 2720 secreta
990 2661 1140 2737 legimtur.
1173 2659 1222 2718 Ad
1241 2659 1346 2720 scholii

170 2749 290 2811 initium
309 2750 349 2810 cf.
372 2749 575 2810 Aristonicum
609 2747 662 2826 [ad
689 2748 714 2812 Α
743 2747 821 2826 400]
846 2744 896 2810 ότι
918 2745 1104 2824 Ζηνόδοτος
1127 2743 1246 2824 γράφει
1269 2746 1346 2808 Φοῖ-

173 2841 228 2916 βος
247 2833 427 2900 Ἀπόλλων·
447 2833 630 2915 ἀφαιρεῖται
645 2837 685 2899 δὲ
703 2836 742 2900 τὸ
756 2833 906 2900 πιθανόν·
934 2834 1081 2912 ἐπίτηδες
1104 2833 1165 2912 γὰρ
1183 2834 1260 2897 τοὺς
1278 2837 1346 2897 τοῖς

170 2925 297 3003 Ἕλληςι
328 2927 525 3004 βοηθοῦντας
558 2926 652 2990 θεοὺς
678 2924 887 3004 ,ἠχθρευκέναι
915 2922 970 2987 Διί
1003 2941 1098 3003 φηςιν
1136 2922 1191 2987 ἵνα
1223 2924 1346 3000 μᾶλλον

171 3012 321 3078 ἀκούοιτο
336 3014 442 3078 Θέτις·
464 3017 585 3079 minime
603 3036 674 3077 vero
698 3037 735 3076 en
752 3016 920 3077 Aristarchi
943 3016 1092 3076 sententia
1114 3015 1166 3074 ille
1185 3015 1257 3092 egit,
1278 3033 1346 3074 eum

170 3107 292 3166 Iunonis
314 3107 435 3166 vincula
457 3109 489 3166 et
511 3107 644 3183 Neptuni
671 3107 878 3188 Apollinisqne
906 3105 1062 3166 servitium
1087 3104 1231 3165 adirmxit.
1272 3103 1346 3164 Por·

171 3196 297 3273 phyrins
315 3195 434 3255 fabulas
454 3196 572 3256 omnino
596 3195 693 3255 reicit:
722 3196 758 3256 cf.
781 3201 895 3256 aeterna
918 3194 956 3253 ad
979 3192 1004 3256 Α
1024 3195 1100 3255 399:
1124 3189 1153 3252 τί
1177 3208 1257 3252 ποτε
1284 3185 1347 3267 ἄρα
1382 3188 1385 3193 ’

173 3279 368 3361 βουλόμενος
381 3283 483 3344 ταῦτα
501 3279 619 3345 ἔπλαςε
635 3282 719 3346 πολὺ
738 3278 857 3359 ἔχοντα
873 3280 911 3343 τὸ
927 3277 1049 3356 ἄλογον
1063 3278 1114 3343 καὶ
1136 3276 1345 3356 ἀνάρμοςτον,

173 3368 239 3448 εἴγε
263 3368 379 3448 Ἀθηνᾶ
400 3371 451 3433 καὶ
472 3369 557 3450 Ἥρα
580 3371 632 3434 καὶ
655 3371 822 3436 Ποςειδῶν
841 3368 1017 3448 ἐβούλοντο
1037 3371 1185 3446 ςυνδῆςαι
1203 3367 1261 3430 τὸν
1280 3366 1347 3429 Δία

173 3460 192 3538 ἡ
216 3461 274 3538 μὲν
297 3457 437 3537 θυγάτηρ
461 3458 540 3523 οὗςα
568 3459 598 3523 ol
627 3460 662 3523 δὲ
691 3457 842 3539 &beloch
872 3458 921 3520 διὸ
951 3458 1003 3520 καὶ
1031 3454 1101 3520 ἀντὶ
1127 3459 1185 3535 τῆς
1213 3453 1346 3534 Ἀθηνᾶς

173 3547 331 3628 γράφοντι
354 3548 415 3612 καὶ
442 3549 583 3629 Φοῖβος
607 3545 802 3612 Ἀπόλλων
826 3546 933 3625 ὥςπερ
962 3546 1001 3610 οὐ
1024 3548 1083 3609 τοῦ
1107 3545 1207 3608 αὐτοῦ
1231 3545 1344 3623 μένον-

173 3657 229 3702 τος
251 3636 386 3702 ἀτόπου.
409 3637 460 3700 καὶ
484 3635 576 3702 ἄλλοι
600 3636 697 3702 πάλιν
721 3635 950 3701 ἀναλλόιςςουςι
972 3635 1014 3707 τὰ
1036 3633 1097 3713 ἔπη

334 3742 386 3823 οἴη
409 3743 446 3807 ἐν
470 3740 674 3809 ἀθανάτοιςιν
697 3742 804 3808 ἀεικέα
828 3742 940 3819 λοιγὸν
964 3739 1080 3819 ἀμῦναι

331 3832 414 3911 Ἥρη
437 3830 469 3894 τ’
492 3832 548 3910 ἠδὲ
572 3832 761 3899 Ποςειδόιυιν
783 3832 835 3896 καὶ
858 3832 978 3910 Φοῖβος
1001 3826 1169 3894 Ἀπόλλων

334 3920 459 3986 ὁππότε
482 3941 535 4001 μιν
558 3926 706 4002 ξυνδῆςαι
729 3919 896 3998 Ὀλύμπιοι
918 3920 1036 3998 ἤθελον
1060 3915 1161 3996 ἄλλοι,

244 4079 268 4149 11)
286 4078 351 4134 Vno
373 4078 436 4134 loco
457 4077 506 4150 [ad
524 4079 548 4132 Z
567 4083 618 4132 200
638 4076 673 4131 de
692 4076 809 4132 deorum
831 4075 862 4130 in
884 4074 1134 4144 Bellerophontem
1157 4072 1235 4154 odio]
1260 4089 1347 4141 quan-

173 4153 235 4205 tum
254 4150 312 4206 seio
329 4148 466 4206 historiae
484 4147 621 4204 fabularis
636 4148 760 4216 aliquam
778 4147 880 4203 habuit
892 4146 1038 4201 rationem.
1058 4176 1092 4184 —
1113 4145 1134 4213 2)
1153 4143 1348 4213 Inspiciendae

174 4224 240 4276 sunt
261 4222 316 4277 hoc
337 4222 401 4276 loco
420 4219 559 4275 editiones
581 4217 765 4273 Dindorfiana
783 4221 812 4273 et
830 4218 1071 4284 Baohrnanniana3
1094 4232 1154 4270 rem
1171 4214 1349 4285 perturbavit

172 4292 325 4349 Bekkerus.
345 4323 379 4334 -
399 4293 420 4360 ⁸)
439 4291 520 4348 Hunc
538 4307 644 4346 morem
662 4289 818 4346 illustravit
831 4291 951 4344 Itoemer
969 4287 1000 4341 in
1016 4287 1116 4342 libello
1131 4286 1177 4340 cni
1190 4286 1347 4356 inscripsit:

172 4363 248 4434 „Hie
262 4363 460 4436 exegetischen
474 4362 606 4419 Scholien
624 4362 674 4418 der
691 4361 759 4418 Ilias
773 4361 812 4416 im
828 4361 915 4415 codex
929 4361 1052 4418 Venetus
1065 4358 1097 4413 B.
1111 4358 1250 4414 Mfinehen
1261 4363 1349 4415 1eva“

171 4454 199 4506 p.
219 4443 253 4494 39
269 4454 329 4505 sqq.

1080 4519 1134 4574 27*
