3086 5124
227 211 293 276 460
358 220 361 226 ’
492 241 494 248 ·
653 206 800 270 Ειίυαιάυα
819 205 973 260 Schwartz:

228 379 341 440 sciebat
365 378 525 438 scholiasta
548 376 664 435 nisiex
687 375 921 436 commentario?
963 374 1076 446 Iamsi
1098 374 1263 452 perlegeris
1287 375 1404 436 scholia,
1511 367 1512 442 ]

183 589 185 592 -
228 467 440 630 εἈῙΙίφαεῖν
455 549 636 627 Αἰγιάλειαν
650 552 708 629 τὴν
781 553 857 614 LdD
890 519 1054 628 Διομήδηε
1086 551 1186 627 γήμαε
1219 549 1403 624 Αἰγιάλειαν

231 641 304 720 μίαν
327 645 393 708 τιῖιν
417 639 627 722 Ἀδρηετίδων
650 641 708 717 τήν
736 642 793 717 τὴν
817 638 980 717 νεωτάτην
1004 637 1175 716 Ἀδράετου
1199 640 1402 718 θυγατέρων·
1511 679 1512 692 ι

230 732 392 809 νεωτέραν
425 733 560 806 γυναῖκα
588 730 707 807 Διομή-
736 733 821 807 τρεῖ(
850 729 885 791 δὲ
914 726 1006 791 αὖται
1030 725 1156 804 Ἀργεία
1185 729 1244 806 [Ld
1277 725 1402 807 Αἰγεια]

229 825 305 884 δουε
333 818 431 882 οὖεαν
456 817 580 896 εφόδρα
609 817 708 882 αὐτὸν
737 819 755 895 ἡ
783 816 1000 882 Πολυνείκουε
1033 817 1083 880 καὶ
1112 816 1260 894 Δηιπύλη
1293 818 1312 895 ἡ
1342 821 1404 880 τοῦ

230 911 397 973 ἐπιποθεῖν
443 907 494 970 καί
539 905 707 985 άπολοφιί-
737 907 865 971 Τυδέωε
898 907 950 969 καί
986 903 1182 984 Ἀδρηετίνη·
1219 905 1404 983 παραγενό-
1511 943 1512 984 2

232 1004 342 1077 ρεεθαι
352 997 409 1060 τά(
424 996 547 1060 νύκταε.
576 995 708 1074 ὕετερον
737 1015 832 1074 μενοε
846 994 905 1059 οὖν
921 993 953 1074 [δ
964 994 1097 1074 Τυδεὺε]
1113 994 1276 1071 ετρατείαε
1291 995 1405 1058 ἕνεκεν

229 1089 265 1150 δὲ
294 1085 374 1149 κατά
405 1089 495 1163 μῆνιν
520 1083 708 1162 Ἀφροδίτη(
736 1085 788 1148 ἐπὶ
811 1085 849 1147 τὸ
869 1083 965 1148 Ἴλιον
985 1083 1134 1147 κατέλιπε
1152 1087 1207 1161 τήε
1232 1081 1330 1161 ἀρχή(
1349 1085 1404 1147 καί
1511 1107 1512 1152 ι

230 1175 312 1258 πάεῃ
332 1181 369 1257 τῇ
389 1177 455 1236 τῶν
470 1172 621 1252 Ἀργείων
636 1193 706 1237 νεο-
736 1179 791 1252 τῆε
824 1172 922 1237 οἰκία(
954 1172 1131 1250 ἐπίτροπον
1158 1173 1216 1235 τὸν
1244 1173 1404 1236 (θενέλου
1511 1171 1512 1226 ί

231 1263 305 1346 λαίᾳ
350 1262 547 1340 ευγκωμάεαι
599 1261 706 1341 αὐτήν,
738 1263 890 1341 Κομήτην.
937 1262 1062 1339 κατέχει
1090 1262 1125 1323 δὲ
1154 1260 1173 1323 δ
1198 1260 1295 1337 λόγος
1318 1281 1401 1338 τρω-
1511 1283 1512 1338 3

231 1353 365 1431 έεχατον
388 1353 424 1414 δὲ
444 1351 495 1414 καλ
521 1352 643 1434 Κομήτῃ
662 1355 708 1433 τῷ
737 1355 844 1415 θεῖεαν
858 1353 917 1429 τὴν
932 1349 1123 1428 Ἀφροδίτην
1138 1349 1202 1413 ὑπὸ
1217 1350 1405 1430 Διομήδους
1511 1407 1512 1410 ,

231 1440 397 1518 (θενέλους
413 1440 448 1503 ὃ(
463 1439 708 1518 ήνὺπὸΔιομή-
737 1439 824 1523 αὐτῷ
844 1441 901 1517 μὲν
920 1441 1018 1517 μηδὲν
1034 1443 1254 1516 μνηεικακῆεαι
1273 1438 1325 1502 διά
1343 1441 1406 1517 τὴν
1511 1433 1512 1490 Ἰ

232 1534 310 1594 δουε
351 1530 525 1592 πιετευθείε
562 1529 601 1591 τά
638 1526 710 1591 κατ’
737 1533 792 1607 τήε
816 1527 948 1606 Ἀθηνάε
972 1527 1168 1605 ἐπικουρίαν·
1191 1530 1250 1605 τήν
1274 1529 1310 1591 δὲ
1327 1528 1405 1592 τού·
1511 1591 1512 1596 ,

232 1616 330 1684 οἰκον.
377 1619 496 1696 ἥκοντα
538 1619 572 1680 δὲ
610 1617 709 1680 αὐτὸν
737 1637 794 1682 του
823 1621 957 1694 γυναῖκα
986 1618 1116 1695 έκμήναι
1146 1617 1220 1694 περὶ
1248 1617 1407 1695 πορνείαν
1511 1617 1512 1670 ἶ

232 1709 358 1783 μέλλων
393 1705 521 1770 ἀνελεῖν
559 1705 709 1785 έφείεατο
738 1706 826 1789 ήκαί
854 1709 958 1770 πᾱεαν
981 1708 1039 1784 τήν
1067 1709 1133 1768 τιῖιν
1161 1703 1320 1787 <ιίι>θέων
1352 1707 1408 1770 καὶ

232 1797 343 1860 διὰτὸ
368 1800 566 1874 καταφυγεῖν
590 1795 634 1858 εἰε
652 1796 710 1859 τὸν
737 1800 803 1859 τῶν
827 1796 911 1859 νέων
934 1794 1057 1873 ἡλικίαν
1084 1795 1289 1872 ευγχορειίειν
1312 1793 1406 1858 ἀτελ-

230 1890 286 1964 τήε
315 1883 448 1962 Ἀθηνᾶ(
480 1883 600 1963 βωμόν·
633 1883 710 1948 ὅθεν
738 1885 923 1962 γαίνουεαν,
946 1889 995 1967 τῷ
1015 1905 1049 1947 τε
1076 1885 1198 1966 Κομήτῃ
1223 1882 1327 1961 ἔρωτα
1350 1884 1406 1961 έμ-

232 1974 331 2038 αιίτόν
346 1971 494 2051 φυγόντα
510 1973 606 2050 φαείν
623 1973 710 2050 ήκειν
739 1977 865 2050 ποιῆται
893 1973 966 2051 περὶ
993 1975 1051 2050 τήν
1074 1971 1268 2047 Αἰγιάλειαν·
1302 1993 1406 2050 παρα-

232 2060 708 2141 εἰεΚαλαβρίαν[ΚαλαυρίανΙι
739 2059 916 2139 γενόμενον
948 2062 984 2123 δὲ
1017 2060 1075 2124 τὸν
1104 2061 1249 2139 Διομήδη
1283 2062 1318 2125 έκ
1345 2066 1406 2125 τοῦ

186 2182 191 2195 ·
233 2149 365 2230 Ἰβηρίαν
393 2149 432 2229 Β]
463 2147 551 2214 κάκεῖ
579 2149 624 2212 ιίιε
654 2151 711 2227 μέν
740 2149 831 2214 Ἰλίου
856 2149 982 2214 διώκειν
1006 2150 1085 2228 μετὰ
1108 2149 1304 2229 δορυφόρων
1323 2149 1406 2214 ἀπο-

231 2259 314 2303 τινεε
352 2234 614 2316 δολοφονηθῆναι
647 2238 710 2302 ὑπὸ
740 2243 858 2303 κτεῖναι
889 2238 1100 2318 βουλόμενον·
1133 2239 1191 2302 τὸν
1218 2241 1254 2302 δέ
1289 2241 1407 2303 λοιπὸν

234 2328 368 2392 Δαύνου
391 2331 450 2391 τοῖι
475 2329 640 2406 βαειλέωε,
668 2326 712 2390 ὡ(
740 2333 808 2392 τοῖε
845 2327 985 2392 άεθενέει
1029 2330 1200 2409 βοηθήματι
1237 2328 1407 2406 χρώμενον
1511 2341 1512 2352 ’

231 2419 268 2480 δέ
309 2437 393 2480 τινεε
436 2413 609 2480 άπολέεθαι
650 2415 713 2479 ὑπὸ
742 2421 939 2494 καταφυγεῖν
963 2417 1015 2480 ἐπὶ
1038 2418 1096 2480 τὸν
1119 2415 1251 2494 Ἀθηνᾶ(
1285 2416 1406 2496 βωμόν·
1511 2439 1512 2446 “

233 2503 344 2570 Ἰονίου
367 2508 426 2569 τοῦ
446 2505 579 2569 Δαύνου
599 2505 713 2568 παιδὸε
741 2505 819 2584 μετὰ
847 2506 882 2568 δὲ
910 2509 1011 2569 ταῦτα
1034 2503 1153 2584 ἀπῆραι
1179 2507 1249 2585 [om.
1274 2508 1333 2586 Ld]
1359 2506 1404 2570 εἰε

232 2597 269 2658 έν
306 2592 525 2671 κυνηγεείοιε·1
555 2591 632 2657 δ’θεν
669 2593 713 2657 ὥε
739 2593 904 2672 Ἑεπερίαν
942 2592 1088 2675 [Ἰβηρίαν
1123 2596 1181 2674 Ld]
1220 2595 1271 2658 καὶ
1302 2615 1406 2673 παρα-

234 2681 443 2761 φαειναιίτὸν
457 2679 713 2760 μὲνάπεθέωεεν
742 2687 852 2762 λαβεῖν
880 2684 968 2761 παρὰ
995 2684 1128 2747 Δαύνου
1152 2682 1239 2746 τινάε
1264 2683 1308 2748 εἰε
1332 2704 1405 2748 κατ-

237 2769 366 2849 Ἀθηνᾶ,
399 2772 474 2834 τοδε
503 2772 539 2833 δὲ
568 2769 713 2849 ἑταίρου(
741 2768 921 2849 οικιεμόνῙ).
968 2773 1019 2835 καί
1056 2774 1148 2836 τέλοε
1192 2770 1407 2851 ἀπορούντων

235 2860 280 2924 εἰε
303 2861 457 2938 ἐρωδιοὺι
481 2861 663 2939 μετέβαλεν.
741 2861 841 2924 αὐτοῦ
873 2863 939 2924 τῶν
973 2859 1109 2939 ἑταίρων
1146 2861 1197 2924 καὶ
1232 2861 1405 2940 λιμωττόν-

740 2968 806 3013 των
839 2949 973 3013 τούτουε
1006 2951 1064 3027 μὲν
1096 2951 1154 3028 τήν
1186 2948 1323 3028 Ἀθηνᾶν
1360 2950 1406 3014 εἰ(

741 3040 894 3117 ἐρωδιοιίε
916 3037 1131 3116 άπορνειῖιεαι,
1158 3039 1215 3102 τὸν
1239 3040 1406 3119 Διομήδην

741 3129 776 3191 δὲ
813 3128 952 3192 ἐνταῦθα
984 3129 1197 3206 καταετρέψαι
1232 3129 1289 3193 τὸν
1329 3129 1407 3209 βίον.

740 3217 759 3294 ἡ
783 3216 904 3294 ίετορία
927 3217 1015 3294 παρά
1037 3215 1228 3295 Λυκόφρονι.

234 3309 282 3368 vel
310 3326 347 3365 ex
374 3327 408 3367 eo
436 3309 515 3384 quod
543 3311 676 3368 extremo
701 3309 811 3369 scholio
836 3309 890 3368 BL
915 3309 1050 3370 divorsae
1075 3309 1110 3367 de
1133 3308 1287 3370 Diomedis
1310 3314 1407 3370 morte

233 3387 353 3456 fabulae
376 3395 454 3456 inter
478 3417 509 3456 se
534 3401 736 3475 opponuntur,
759 3398 789 3457 id
808 3418 869 3458 non
890 3402 989 3458 totum
1012 3398 1051 3456 ad
1073 3401 1192 3473 poetam
1216 3399 1405 3458 referendum

235 3504 301 3545 esse
320 3485 487 3545 conieceris.
519 3488 623 3563 Neque
642 3506 713 3547 vero
733 3488 832 3547 omnia
850 3507 925 3563 quae
944 3487 1062 3546 scholiis
1085 3487 1189 3547 insunt
1211 3487 1291 3564 apud
1309 3487 1403 3565 Lyco-

233 3575 378 3650 phronem
401 3575 605 3651 reperiuntur:
629 3577 665 3634 οῖ.
689 3595 793 3636 versus
818 3577 869 3652 qui
892 3577 949 3634 hue
973 3579 1122 3652 spectant:

271 3757 274 3764 Ι
367 3683 431 3741 592
457 3676 475 3741 δ
498 3676 528 3740 δ’
550 3676 768 3756 Ἀργυρίππαν
792 3678 946 3744 Δαυνίων
970 3678 1168 3758 παγκληρίαν

350 3763 359 3782 ”
455 3765 535 3845 παρ’
557 3767 730 3846 Αιίεονίτην
754 3769 907 3847 Φυλαμὸν
931 3772 1107 3847 δωμήεεται

456 3855 571 3935 πικρὰν
594 3855 730 3933 ἑταίρων
753 3857 978 3936 ἐπτερωμένην
1001 3857 1079 3921 ἰδὼν
1117 3895 1120 3901 ·

456 3945 666 4023 οἰωνόμικτον
690 3951 813 4027 μοῖραν,
837 3947 867 4011 οῖ
891 3946 1061 4010 θαλαττίαν

457 4034 579 4097 δίαιταν
603 4034 757 4099 αἰνέεουει
780 4037 928 4113 πορκέων
952 4035 1040 4113 δίκην

456 4123 612 4187 κύκνοιειν
636 4123 839 4188 ἰνδαλθέντεε
864 4125 1031 4204 εὐγλήνοιε
1054 4125 1164 4202 δομήν.

456 4210 608 4291 ῥάμφεεει
631 4211 659 4276 δ’
682 4211 899 4291 ἀγρώεεοντεε
922 4213 1072 4278 ἐλλόπων
1096 4215 1212 4291 θοροὺε

235 4335 448 4344 -ᾑ-ο-

266 4351 750 4454 »mmmmm
