3086 5124
237 233 279 287 De
299 231 414 288 scholiis
434 231 590 287 Homericis
610 233 646 287 ad
665 232 813 342 historiam
832 233 986 288 fabularem
1007 235 1221 304 petinentibus.
1254 237 1319 302 459

148 399 294 479 φομένην
313 398 349 463 ἐν
368 403 418 482 τῷ.
433 396 520 462 ditet
543 397 640 476 αὐτῆ(
648 394 681 480 ¹),
704 405 804 462 cetera
828 402 904 462 alius
928 402 1051 479 originis
1075 397 1186 486 sunt.²)
1234 405 1321 466 Simi-

146 493 216 552 liter
237 491 269 551 in
292 491 409 551 Paridis
432 490 590 550 historiam
620 487 724 567 [schol.
753 489 773 551 Γ
798 489 876 569 325]
905 492 976 551 idae
1000 512 1085 552 mons
1114 493 1255 554 Hecubae
1287 497 1319 556 in

148 581 263 643 somnio
291 581 426 642 comburi
453 579 535 640 visus
564 584 597 640 et
622 580 653 638 in
679 579 866 640 Philoctetae
893 581 1027 640 fabulam
1057 579 1161 658 [schol
1190 581 1214 644 Β
1240 585 1317 662 722]
1369 625 1374 633 ·

147 670 273 731 Volcani
291 669 442 730 antistites
460 669 623 728 medicinae
641 669 731 744 periti
750 688 786 728 ex
805 669 913 747 Dictys
933 667 993 746 [III
1014 673 1063 731 26.
1087 669 1190 747 1114]
1210 673 1319 734 intrusi

148 763 218 820 sunt
237 759 355 819 nonrine
377 761 480 818 tamen
492 777 553 818 nou
567 757 677 818 addito.
710 759 774 817 Iam
789 758 859 818 licet
873 758 990 836 Dictyis
1004 779 1102 836 nugae
1115 760 1147 819 in
1161 761 1227 837 ipsa
1241 782 1317 823 com-

146 848 256 926 pendia
265 847 480 908 recentioribus
491 848 641 907 aetatibus
651 847 816 908 inculcatae
826 867 891 908 esse
905 850 1057 924 putentur,
1068 851 1168 908 tamen
1178 854 1317 927 quoniam

147 937 378 1013 Byzantinorum
405 937 638 1014 chronographis
666 937 795 997 testibus
822 937 875 997 illo
902 941 1037 1013 tempore
1060 937 1177 1017 Dictyis
1204 942 1317 1001 bellum

147 1026 309 1087 Troianum
329 1025 465 1087 omnibus
485 1029 550 1086 erat
568 1029 673 1086 notum
696 1025 931 1102 lectitatumque,
956 1046 974 1085 a
998 1027 1167 1088 scholiastis
1189 1029 1262 1106 ipsis
1287 1035 1318 1092 et

146 1135 256 1176 nomen
282 1119 314 1175 st
340 1115 421 1191 ipsos
448 1115 529 1174 locos
557 1115 755 1190 interpolatos
784 1134 848 1174 esse
874 1115 1059 1190 probabilius
1088 1117 1161 1176 mihi
1189 1118 1315 1182 videtur.

148 1203 237 1266 Certo
261 1223 332 1265 vero
356 1203 477 1264 abillis
501 1208 532 1264 et
554 1203 712 1280 Lycophro
736 1207 767 1263 et
791 1205 904 1263 scholia
926 1203 1132 1282 Lycophronis
1155 1208 1316 1284 compilata

148 1296 225 1354 sunt.
273 1293 460 1370 Quamquam
484 1293 563 1352 enim
586 1293 744 1370 Lycophro
768 1312 786 1351 a
809 1293 930 1354 Theona
953 1293 1155 1356 Alexandrino
1179 1297 1316 1358 doctissi-

147 1383 204 1442 mis
228 1383 449 1443 commentariis
468 1382 632 1442 instructus
657 1386 722 1443 erat
746 1384 835 1458 atque
858 1383 927 1442 inde
946 1401 964 1441 a
983 1382 1075 1442 Statii
1097 1387 1232 1461 tempore
1252 1386 1315 1448 eius

144 1466 289 1532 ‘latebras
308 1465 450 1548 pandere’
475 1471 613 1532 solebant
630 1490 791 1546 puerorum
809 1463 990 1551 magistrii),
1013 1472 1045 1530 in
1068 1491 1103 1531 ea
1126 1493 1202 1550 quae
1225 1476 1314 1553 volgo
1335 1516 1345 1536 ,

35 1583 38 1590 ⁴
142 1561 297 1630 ferebatur
319 1561 446 1620 historia
473 1561 591 1637 poetica
619 1559 681 1620 eius
700 1560 839 1637 vvestigia
865 1560 1058 1620 inveniuntur
1089 1563 1151 1622 fere
1184 1557 1314 1644 nulla4);

141 1669 201 1726 qua
223 1670 255 1710 re
279 1649 454 1726 compendia
481 1649 631 1708 fabularis
653 1649 815 1708 maximam
837 1653 955 1725 partem
977 1649 1073 1726 primo
1098 1656 1167 1711 ante
1193 1653 1260 1714 Chr.
1284 1674 1315 1715 u.

141 1740 259 1798 saeculo
288 1739 423 1800 confecta
450 1755 514 1798 esse
543 1738 655 1813 optime
678 1737 877 1799 confirmatur.
924 1739 969 1797 Ex
992 1739 1198 1815 Lycophronis
1221 1742 1315 1819 igitur

140 1847 183 1888 vs.
215 1829 333 1902 424sq.
361 1821 482 1902 itropiu
510 1828 601 1887 schol.
630 1843 649 1887 ν
679 1828 741 1887 259
770 1827 876 1903 pannis
904 1827 1061 1888 rhetoricis
1091 1829 1206 1890 adsutis
1237 1849 1313 1891 com-

140 1915 239 1991 posita
258 1919 317 1976 est:
345 1917 423 1976 unde
446 1919 547 1976 tamen
571 1918 607 1975 de
627 1914 798 1992 Colophone
821 1917 903 1993 loqui
925 1919 1045 1993 poetam
1069 1918 1313 1981 obscurissimum

140 2037 353 2046 *—

215 2103 238 2172 ¹)
259 2101 300 2156 Of.
319 2103 332 2156 l
353 2110 384 2158 19
406 2101 530 2158 ‘interim
553 2102 583 2157 in
601 2103 664 2173 ipsa
681 2103 837 2173 navigandi
855 2103 1036 2159 festinatione
1054 2105 1249 2174 Agamemnon

139 2173 212 2228 forte
236 2172 374 2243 conspicit
397 2173 472 2229 circa
498 2174 592 2228 lucum
614 2175 722 2229 Dianae
745 2177 908 2245 pascentem
937 2193 1067 2244 capream
1095 2175 1312 2247 imprudensque

139 2243 286 2313 religionis
305 2262 377 2313 quae
395 2245 425 2298 in
444 2263 477 2300 eo
502 2245 565 2300 loco
584 2248 653 2313 erat,
672 2245 764 2300 iaculo
783 2245 946 2316 transfigit'.
983 2245 1109 2302 Falsario
1130 2251 1196 2304 ante
1215 2250 1310 2304 oculos

140 2316 324 2370 versabantur
342 2333 438 2371 versus
459 2316 608 2386 Sophoclei
628 2316 682 2388 [El.
702 2323 753 2372 566
764 2317 832 2388 sq.]:

404 2407 496 2475 πατήρ
515 2409 585 2462 ποθ’
603 2408 701 2474 οὑμὸς,
722 2409 835 2474 distros
855 2409 942 2474 κλύω,
962 2413 1027 2463 θεὰ(

405 2478 512 2534 παίζων
531 2480 597 2532 κατ’
616 2481 695 2533 dico<
715 2479 868 2547 ὲξεκλνηεεν
885 2482 985 2534 ποδοῖν

405 2551 513 2604 (τικτὸν
532 2551 666 2618 κεραετην
686 2552 805 2618 ἔλαφον,
825 2551 858 2604 οὗ
878 2552 949 2606 κατὰ
968 2552 1075 2618 (parde

404 2622 576 2687 ἐκκομπάεα(
594 2623 660 2675 ἔποε
678 2639 704 2674 τι
723 2623 853 2688 τυγχάνει
872 2624 972 2688 βαλών.

137 2705 232 2776 Dictyi
250 2711 442 2776 praecesserat
458 2708 637 2763 Ptolemaeus
655 2709 828 2779 Hephaestio
851 2711 889 2781 [p.
916 2717 965 2765 193
985 2710 1052 2782 W.].
1073 2743 1107 2750 -
1130 2711 1149 2777 ²)
1170 2711 1310 2766 Caveatur

137 2795 172 2832 ne
200 2780 316 2848 propter
337 2779 424 2834 rerba
447 2782 576 2835 ἐντεῦθεν
600 2782 627 2836 ot
653 2784 786 2850 νεώτεροι
814 2783 982 2850 ὁρμηθέντε(
1006 2783 1157 2851 λετοροῦαν
1181 2781 1309 2837 scholion

138 2850 253 2903 doctum
277 2866 337 2904 esse
357 2850 539 2906 existimetur.
578 2851 718 2906 Plurimae
738 2852 814 2907 enim
832 2853 958 2920 lcroptm,
983 2869 1055 2920 quae
1079 2870 1113 2907 ex
1132 2853 1307 2922 compendiis

138 2920 302 2990 desumptae
331 2922 405 2990 sunt,
433 2922 664 2978 adnotationibus
693 2923 846 2979 Aristonici
873 2922 1034 2992 adscriptae
1066 2926 1132 2977 sunt
1164 2924 1245 2992 quasi
1277 2927 1310 2980 ut

137 2993 163 3047 oi
181 2993 314 3060 νεώτεροι
329 3009 392 3046 cum
405 2992 526 3047 Homero
546 2997 787 3063 compararentur:
807 2994 840 3050 cf.
862 2995 948 3048 schol.
963 2997 985 3049 A
1001 3001 1025 3050 5.
1041 3001 1083 3050 39.
1098 3002 1141 3050 52.
1157 3002 1191 3050 ts
1211 2998 1231 3051 Β
1247 3003 1306 3052 105.

136 3069 188 3118 336
212 3066 229 3118 Γ
250 3069 309 3118 144.
329 3070 389 3119 242.
409 3070 460 3118 325
485 3065 503 3118 Ε
526 3071 578 3120 395
611 3067 635 3118 Ζ
661 3071 790 3120 131.155
823 3068 917 3121 0368
950 3069 971 3121 A
999 3072 1051 3121 709
1083 3069 1175 3122 Τ119
1208 3069 1307 3122 Υ215

135 3137 220 3190 tent
241 3137 263 3189 Ω
284 3141 335 3190 602
355 3140 370 3190 λ
389 3141 441 3190 326
457 3152 519 3188 cum
535 3134 574 3190 eis
590 3152 661 3203 quae
678 3135 820 3206 congessit
829 3136 961 3190 Lehrsius
972 3136 1136 3208 [Aristarch.
1147 3155 1174 3206 p.
1187 3144 1236 3193 175
1243 3141 1307 3209 aql.

135 3205 280 3274 Nusquam
299 3209 395 3261 tamen
413 3223 442 3261 re
461 3222 529 3260 vera
542 3205 702 3260 instituitur
716 3208 890 3276 comparatio
909 3207 1152 3277 discrepantiaeve
1171 3209 1307 3263 adnotan-

134 3279 194 3343 tur,
222 3276 346 3332 seduno
369 3280 468 3333 tenore
488 3280 634 3332 enarratur
651 3277 772 3332 historia
790 3278 986 3333 Aristarcheae
1005 3278 1150 3335 doctrinae
1178 3279 1307 3334 frustulis

136 3347 211 3402 male
229 3347 351 3404 insertis.
378 3349 466 3404 Velut
479 3349 586 3404 scholio
601 3351 666 3403 Asa
686 3366 799 3418 prorsus
818 3349 913 3419 inepte
931 3349 1133 3419 praescribitur
1151 3349 1308 3406 Aristarchi

138 3419 174 3474 de
192 3419 319 3474 veterum
338 3420 482 3475 funeribus
502 3420 598 3490 opinio
618 3420 665 3491 [cf.
685 3421 781 3475 Lehrs.
795 3439 822 3490 p.
840 3428 889 3476 196
905 3423 959 3492 sq]
984 3437 1075 3489 neque
1094 3421 1151 3475 alia
1170 3423 1204 3476 de
1223 3439 1308 3477 causa

136 3489 195 3544 nisi
208 3492 241 3543 ut
255 3490 364 3544 occasio
399 3492 548 3546 raebeatur
566 3490 701 3546 historiae
721 3491 928 3548 exscribendae.
966 3491 1059 3546 Etiam
1073 3492 1243 3547 luculentius
1263 3497 1306 3549 est

134 3561 294 3630 exemplum
318 3509 403 3616 schol.
429 3565 451 3617 A
471 3570 512 3620 39.
549 3563 729 3617 Aristarchus
751 3561 912 3632 Apollinem
936 3562 1106 3617 Sminthium
1129 3563 1305 3620 nominatum

136 3650 197 3688 esse
216 3634 252 3687 ab
271 3633 340 3686 urbe
357 3632 486 3687 Smintha
503 3634 636 3703 putabat;
656 3633 743 3688 ceteri
758 3633 804 3688 dei
820 3633 953 3688 Sminthii
972 3637 1001 3689 et
1018 3636 1126 3704 templa
1145 3638 1175 3690 et
1192 3635 1305 3691 fabulas

135 3721 228 3759 sacras
249 3704 285 3758 ad
306 3703 441 3772 Chrysam
465 3704 600 3774 oppidum
623 3705 784 3760 referebant
804 3705 850 3777 [cf.
870 3706 963 3775 Apoll.
983 3706 1037 3760 lex.
1057 3706 1137 3763 Hom.
1156 3725 1183 3776 p.
1205 3714 1269 3776 143,
1289 3716 1305 3763 9

134 3776 226 3831 Strab.
246 3775 310 3830 Xlll
328 3793 354 3844 p.
371 3777 449 3847 tull:
469 3775 525 3830 iam
540 3775 675 3845 inspicias
691 3775 830 3831 scholion:
846 3779 961 3844 (μινθεῡ
976 3778 1103 3832 ἐπίθετον
1119 3780 1304 3834 Ἀπόλλωνος·

134 3848 248 3915 (pictor
267 3849 320 3915 γὰρ
334 3849 420 3901 τόποι
436 3853 487 3916 τῆ(
500 3849 633 3918 Τρῳάδα(
651 3850 682 3902 ἐν
702 3851 725 3918 ᾧ
745 3849 819 3917 ἱερὸν
840 3850 1013 3904 Ἀπόλλωνος
1032 3849 1087 3903 ἀπὸ
1107 3849 1195 3905 αἰτίαι
1212 3854 1303 3918 τῆεδε,

133 3921 163 3974 ἐν
178 3921 335 3989 Χρύεῃντλ.
355 3917 462 3972 Scholii
481 3920 501 3972 Α
514 3924 564 3974 108
579 3920 612 3972 ut
621 3917 733 3972 initium
745 3918 975 3988 praeterDictyis
985 3919 1079 3974 locum
1088 3937 1144 3974 non
1157 3921 1231 3975 male
1241 3938 1305 3975 cum

135 3989 298 4060 Cypriorum
316 3991 485 4059 argumento
500 3989 648 4044 Procliano
668 3989 792 4044 concinit
805 3989 847 4044 ita
859 3993 1003 4060 postrema
1018 3991 1115 4045 rerba:
1134 3995 1187 4059 τὴν
1202 3995 1304 4049 θεὰν..

133 4065 239 4130 ἔλαφον
258 4063 320 4117 ἀντὶ
339 4067 390 4129 τῆς
407 4063 548 4130 παρθένου
561 4063 770 4130 παραετὴεαεαν
785 4070 866 4117 (ditm
881 4066 926 4117 καὶ
945 4064 975 4117 ἐν
989 4064 1107 4131 Ταύροις
1124 4068 1175 4131 τῆ(
1190 4064 1305 4119 (rottae

133 4133 171 4187 eit
189 4136 222 4186 τὸ
241 4134 316 4202 ἱερὸν
335 4138 386 4201 τῆ(
405 4139 470 4188 θεοί)
490 4133 597 4187 εἰπεῖν
616 4137 779 4201 πεμφθῆναι
798 4134 887 4202 αὐτήν
907 4150 940 4188 ex
953 4133 1119 4202 tragoediae
1138 4137 1302 4203 argumento

133 4205 282 4272 desumpta
306 4207 372 4258 sunt
390 4203 419 4258 in
439 4222 495 4272 qua
513 4202 605 4257 Diana
623 4203 674 4256 sub
694 4204 778 4257 finem
797 4203 1007 4259 vaticinabatur
1025 4222 1096 4273 quae
1115 4203 1192 4258 facta
1211 4208 1305 4260 essent

131 4275 289 4343 futuraque.
323 4275 376 4330 Vel
394 4275 441 4330 hic
460 4273 550 4344 igitur
568 4274 797 4344 compendiorum
817 4277 989 4331 consuetudo
1009 4276 1167 4331 fabularum
1185 4275 1304 4331 miscen-

132 4347 231 4401 darum
251 4345 441 4415 adgnoscitur.
471 4379 504 4387 -
531 4348 552 4416 ³)
572 4346 612 4401 Cf.
633 4345 781 4415 epicedion
799 4346 830 4401 in
848 4349 958 4416 patrem
977 4347 1038 4402 silv.
1058 4348 1083 4402 V
1103 4354 1127 4416 3,
1149 4354 1198 4403 155
1209 4366 1249 4416 sq.
1270 4380 1303 4388 -

137 4420 158 4488 ⁴)
178 4417 381 4486 Interpolatum
400 4421 444 4473 est
461 4417 654 4473 testimonium
674 4417 760 4473 schol.
780 4419 832 4489 Ap.
851 4420 917 4489 Arg.
937 4419 990 4473 1111
1011 4425 1086 4476 1515.

1038 4505 1093 4562 30*
