3086 5124
186 283 192 290 .
244 237 286 291 De
305 233 421 291 scholiis
440 231 598 290 Homericis
617 234 654 290 ad
672 234 822 290 historiam
840 233 997 291 febulsrem
1015 233 1231 305 pertinentibus.
1262 234 1329 299 463

155 401 213 466 τὸν
241 401 377 479 Ἕκτορα
408 398 480 464 κατ’
510 401 634 480 ἐξοχήν.
761 401 848 480 ἥρω(
884 398 1011 478 ἀρωγά(
1043 402 1194 478 λοιμικῶν
1221 405 1329 467 τοξευ-

157 489 235 567 μετά
253 491 289 553 δὲ
303 491 362 568 τὴν
376 487 467 554 Ἰλίου
482 488 635 568 πάρθηειν
992 487 1114 567 μάτων,

156 579 277 657 Ἕκτωρ
293 577 312 641 ὁ
325 577 472 658 Πριάμου
486 579 537 642 καὶ
557 577 636 655 μετὰ
761 577 845 642 ὅπου
854 598 886 643 τε
896 578 1032 643 πειεθείτ
1042 575 1180 654 Ὠγύγου
1191 577 1329 657 (παρτότ

157 668 215 732 τὸν
236 666 376 732 θάνατον
389 669 448 746 τὴν
466 665 531 731 ἀπὸ
551 670 635 732 θεῶν
992 667 1075 731 λεὼ(

158 756 308 835 εὐτύχηεε
328 757 427 835 τιμήν.
465 755 495 820 οἱ
514 756 575 834 γάρ
599 757 635 820 ἐν
761 759 911 835 χρητμοῑτ
930 753 1049 835 Ἰατροῦ
1064 754 1326 834 ΛεψίουΤερμιν-

156 844 292 928 Βοιωτίᾳ
307 845 440 926 Θηβαῖοι
455 844 649 923 πιεζόμενον
990 846 1071 909 θέω(

158 938 266 999 κακοίε
307 933 522 1013 ἐμαντεύοντο
563 933 636 1013 περὶ
762 934 795 999 ἐξ
815 932 1016 1014 Ὀφρυνείων
1039 932 1139 1011 ἠρίων
1163 931 1328 1011 άνειράεαε

155 1021 354 1104 άπαλλαγῆτ.
379 1023 515 1102 χρητμὸε
529 1024 564 1087 δέ
578 1022 634 1086 αὐ·
761 1021 826 1088 ἄξει
847 1023 1012 1088 Καλάδνου
1031 1023 1137 1101 πόρτιν
1157 1020 1279 1088 Ἀόνων
1292 1043 1327 1087 τε

155 1117 223 1178 τοῑτ
255 1112 351 1192 ἐδόθη
388 1113 559 1178 παάεεεθαι
595 1111 636 1176 τά
991 1116 1052 1191 γῆν

156 1201 258 1281 δεινά,
300 1202 358 1267 ἐάν
389 1203 422 1268 ἐξ
460 1199 634 1281 Ὀφρυνίου
761 1199 882 1282 τωτῆρ’,
920 1198 1000 1264 ὅταν
1028 1199 1187 1279 κάμνωειν
1213 1199 1327 1284 ὁπλίτῃ

156 1295 212 1369 τῆε
235 1289 388 1372 Τρῳάδα(
414 1291 455 1354 τὰ
483 1291 635 1370 ’Ἐκτοροε
990 1294 1113 1373 ετρατῷ

156 1377 233 1442 όττά
252 1382 489 1456 διακομιτθῶειν
513 1380 557 1444 etc
575 1381 634 1444 τὸν
665 1375 1328 1458 1111πέρθοντιχώρανΤηνέρουτ’ἀνάκ-

155 1467 242 1546 παρὰ
283 1466 393 1532 αὐτοῖς
434 1459 633 1547 καλούμενον
990 1487 1078 1545 τορα.
1244 1525 1250 1534 .

153 1553 257 1620 τόπον
280 1556 361 1620 Διὸ(
383 1555 492 1633 γονάε.
538 1555 569 1620 οἱ
598 1558 632 1620 tt
664 1565 749 1622 1194
760 1555 832 1621 ἀλλ’
864 1555 970 1621 ἄξεταί
994 1575 1026 1619 τε
1051 1557 1132 1634 πρὸ(
1160 1556 1328 1633 γενεθλίαν

153 1648 250 1708 τοῦτο
279 1646 467 1724 ποιήταντεε
495 1645 546 1709 καὶ
568 1649 633 1710 τῶν
794 1664 796 1669 ·
991 1643 1098 1708 πλάκα

156 1736 262 1797 κακῶν
299 1730 540 1810 ἀπαλλαγέντε(
582 1733 634 1797 διὰ
758 1736 817 1813 τὴν
847 1733 968 1812 ἐξόχως
992 1734 1014 1797 Γ
1014 1737 1165 1812 ραικοῑτιν
1195 1733 1326 1814 ἐξυμνη·

153 1826 242 1900 τιμῆε
274 1820 369 1900 ἔτχον
396 1822 532 1902 Ἕκτορα
555 1821 635 1886 κατά
991 1823 1103 1901 μένην,

155 1931 190 1974 τε
208 1911 284 1974 τοὺ(
303 1909 492 1988 ἐπείγοντα(
506 1914 633 1990 καιροὺτ
759 1912 843 1977 ὅπου
873 1933 933 1991 εφε
963 1913 1062 1990 μήτηρ
1089 1910 1109 1988 ἡ
1138 1909 1242 1988 πάληε
1274 1911 1327 1989 ἐμ-

155 1999 380 2064 ἐπικαλοῡντω
421 2002 480 2080 τὴν
517 2001 632 2081 ἐπιφά-
991 1999 1145 2078 πείραμοε

154 2107 244 2152 νειαν
285 2088 394 2153 αὐτοῦ.
452 2090 472 2168 ἡ
513 2089 634 2169 ἱττορία
759 2091 817 2170 τὴν
844 2086 960 2168 πρόεθ’
983 2087 1121 2153 ἄναεταν
1148 2088 1329 2168 ἐμβαλοῦεα

154 2177 243 2256 παρὰ
265 2175 486 2262 Ἀριετοδήμῳ.
990 2176 1146 2260 Ταρτάρῳ

665 2266 878 2332 1198ὠδῐνατ
902 2267 1028 2331 ἐξέλυεε
1049 2265 1201 2344 λαθραία(
1219 2270 1327 2346 γονῆα.

155 2377 283 2439 Diversa
306 2381 352 2438 est
375 2378 453 2438 rstio
478 2378 581 2438 scholii
599 2376 632 2440 Π
648 2381 687 2439 37
709 2378 818 2456 quippe
841 2377 894 2438 ubi
917 2397 976 2436 uns
999 2395 1047 2436 res
1070 2395 1106 2435 ex
1129 2375 1326 2454 Lycophrone

155 2464 232 2544 [177
247 2465 305 2545 sq.]
328 2467 493 2528 narrationi
516 2468 699 2544 interpolato
722 2467 769 2528 sit.

241 2556 307 2616 Ium
335 2557 480 2617 subsisto:
510 2576 546 2616 ex
573 2557 692 2618 scholiis
722 2557 801 2616 enim
824 2574 1017 2632 quaeeunque
1040 2555 1090 2615 vel
1112 2557 1232 2630 praesto
1256 2560 1328 2614 sunt

153 2645 202 2705 vel
224 2646 322 2704 latent
344 2647 376 2704 in
399 2647 538 2721 obscuro,
572 2646 707 2704 funditus
731 2644 889 2704 exhaurire
914 2643 1012 2703 omnis
1034 2643 1131 2720 nolui,
1160 2643 1211 2702 sed
1238 2643 1327 2703 oertis

154 2733 320 2793 rationibus
343 2735 448 2794 rudem
471 2736 580 2794 molem
594 2735 638 2794 itu
652 2735 839 2812 distinguere
854 2738 885 2794 et
904 2734 1052 2810 digerere,
1075 2735 1110 2792 ut
1132 2751 1192 2794 non
1210 2731 1329 2793 ieooent

153 2823 257 2899 ignote
276 2823 472 2900 omnibusque
492 2824 627 2901 exposito
644 2823 902 2899 hariolationibus,
926 2821 978 2882 sed
995 2841 1104 2899 magno
1124 2840 1192 2880 oum
1210 2840 1266 2880 usu
1289 2819 1328 2880 sd

152 2911 310 2971 historiam
332 2913 479 2988 poetieam
503 2914 669 2974 eoourstius
692 2913 928 2990 eognosoendem
951 2912 1014 2970 sine
1038 2929 1173 2970 errorum
1196 2911 1327 3000 periculo

153 2999 359 3061 adhibeantur.
