3086 5124
146 303 150 314 Ι
246 239 288 295 De
307 239 422 294 scholiis
441 239 596 295 Homericis
616 240 652 294 ud
671 239 820 295 historiam
838 239 994 296 tabularem
1012 240 1225 310 pertinentibus.
1259 240 1324 304 445

153 409 291 485 tationes,
315 428 367 468 eae
391 409 501 469 eadunt
523 409 554 467 in
577 427 688 492 omnes,
717 411 774 470 etsi
804 411 859 469 sub
887 410 933 469 bis
960 405 1108 484 ἱετορίαιτ
1138 427 1198 467 non
1228 409 1325 468 latent

151 497 256 558 doctae
275 498 495 562 adnotationes:
514 498 606 557 immo
625 497 774 558 dubitatio
794 503 840 558 est
858 499 942 558 nulla
960 499 1032 574 quin
1046 498 1225 574 scriptorum
1238 498 1324 556 testi·

151 587 251 646 monia
279 587 399 647 scholiis
430 591 537 663 postea
570 585 629 646 sint
656 586 808 663 adscripta
835 587 949 664 fideque
983 591 1105 647 careant
1136 587 1200 646 fere
1234 587 1323 646 omni.

151 676 343 736 Praeclarum
366 677 534 752 exemplum
557 680 604 736 est
628 677 697 735 hoo:
1350 695 1351 698 ¹

257 800 347 860 sebol.
371 795 398 860 Ξ
424 801 486 860 325
511 799 655 858 ABDLd
902 800 1163 876 Apollod.1114‚
1188 802 1206 859 3

195 885 331 963 (εμέλητ
359 889 414 963 τῆ(
445 884 572 962 Κάδμου
604 884 762 963 θυγατρότ
835 885 972 962 (εμέληε
1001 887 1035 948 δὲ
1065 885 1146 949 Ζεὺτ
1180 885 1322 962 ἐρατθεὶτ

150 975 232 1037 Ζεὺτ
251 974 393 1051 ἐρατθεὶε
407 973 507 1051 Ἥρα(
526 973 633 1052 κρύφα
648 993 761 1052 τυνηυ-
790 973 896 1052 κρύφα
927 969 1192 1058 τυνευνάζεται,1)
1238 974 1257 1052 ἡ
1287 975 1322 1036 δὲ

150 1060 272 1127 νάΖετο.
318 1062 337 1140 ἡ
371 1063 406 1124 δὲ
439 1062 669 1141 ἐξαπατηθεῖεα
697 1062 760 1126 ὑπὸ
790 1063 1021 1140 ἐξαπατηθεῖεα
1035 1061 1098 1126 ὑπὸ
1113 1061 1213 1138 Ἥρα(
1228 1081 1323 1125 κατα-

148 1151 250 1228 Ἣραε
265 1151 490 1215 ἐπινεύεαντοτ
505 1150 584 1234 αὐτῇ
599 1150 681 1214 Διὸ(
696 1154 760 1215 πᾶν
789 1151 964 1214 νεύεαντοτ
988 1151 1067 1234 αὐτῇ
1092 1151 1173 1214 Διὸ(
1197 1153 1262 1213 πάν
1284 1151 1322 1214 τὸ

149 1240 188 1304 τὸ
221 1239 349 1318 αἰτηθὲν
379 1244 506 1318 ποιῆται
534 1240 664 1303 αἰτεῖται
697 1261 761 1303 τοι·
791 1239 919 1317 αἰτηθὲν
943 1242 1086 1318 ποιήεειν
1106 1240 1238 1303 αἰτεῖται
1257 1259 1322 1303 τοι·

150 1333 249 1396 οῦτον
286 1328 385 1392 αὐτὸν
426 1328 533 1392 ἐλθεῖν
574 1327 642 1392 οῐοε
683 1329 760 1407 ἦλθε
790 1332 888 1393 οὓτον
912 1328 1012 1392 αὐτὸν
1031 1329 1137 1392 ἐλθεῖν
1157 1325 1226 1391 οἷοι
1244 1328 1321 1406 ἦλθε

150 1417 401 1496 μνηττευόμενοε
419 1415 531 1495 Ἥραν.
565 1417 647 1480 Ζεὺε
665 1419 700 1480 δὲ
721 1420 759 1496 μὴ
790 1415 1041 1495 μνηετευόμενοε
1073 1416 1185 1494 Ἥραν.
1240 1416 1322 1480 Ζεὺε

150 1505 326 1585 δυνάμενοι
356 1503 526 1570 ἀνανεῦεαι
550 1506 759 1584 παραγίνεται
790 1507 825 1568 δὲ
863 1508 902 1584 μὴ
941 1504 1118 1582 δυνάμενος
1151 1503 1321 1568 άνανειῖται

150 1595 195 1659 εἰ(
218 1595 276 1660 τὸν
299 1593 445 1673 θάλαμον
468 1594 566 1673 αὐτῆ(
585 1593 643 1672 ἐφ’
662 1593 761 1672 ἅρμα·
790 1594 999 1673 παραγίνεται
1028 1593 1072 1658 εἰ(
1096 1593 1154 1657 τὸν
1178 1593 1325 1670 θάλαμον

149 1703 205 1748 τοι
233 1681 395 1761 ἀετραπὰε
429 1683 480 1746 καὶ
514 1683 648 1761 βροντὰε
680 1682 762 1762 δμοῡ
790 1683 887 1761 αὐτῆ(
910 1681 967 1760 ἐφ’
987 1681 1127 1760 ἅρματοτ
1146 1680 1321 1758 άετραπαῑ(

149 1773 200 1835 καὶ
224 1772 381 1850 κεραυνὸν
404 1769 518 1850 άφιεῖε.
564 1771 702 1851 (εμέληε
725 1773 761 1836 δὲ
790 1770 870 1850 δμοθ
880 1771 931 1834 καὶ
940 1775 1087 1849 βρονταῑε
1101 1771 1152 1833 καὶ
1164 1771 1321 1848 κεραυνὸν

151 1861 203 1924 διὰ
225 1861 284 1924 τὸν
307 1859 415 1939 φόβον
438 1859 624 1937 ἐκλιποάεηε
648 1861 760 1939 ἑξαμη-
788 1859 877 1938 ἵηειν.
903 1860 1040 1938 (εμέλητ
1055 1860 1090 1922 δὲ
1110 1858 1162 1922 διὰ
1180 1859 1238 1922 τὸν
1259 1858 1319 1937 φό-

150 1953 255 2014 νιαῖον
277 1950 316 2013 τὸ
346 1950 465 2028 βρέφοε
493 1949 696 2028 ἐξαμβλωθὲν
726 1950 761 2013 ἐκ
791 1953 848 2027 βον
863 1949 1049 2026 ἐκλιπούτηε
1065 1947 1269 2025 ἑξαμηνιαῖον
1283 1947 1321 2011 τὸ

149 2042 210 2118 τοῦΙ
231 2039 332 2117 πυρὸε
356 2035 500 2115 ἁρπάεατ
523 2037 682 2116 ἐνέρραψε
714 2043 776 2122 τῷι
791 2039 909 2116 βρέφοε
946 2037 1150 2116 ἐξαμβλωθὲν
1187 2037 1222 2099 ἐκ
1262 2041 1321 2100 τοῦ

148 2131 246 2209 μηρῷ.
291 2128 311 2206 ἡ
343 2125 464 2204 ἱετορία
500 2124 580 2204 παρ’
611 2114 889 2233 Εὐριπίδῃὶπυρὸτ
918 2124 1060 2203 ἁρπάεαε
1087 2125 1247 2203 ἐνέρραψε
1274 2129 1321 2209 τῷ

149 2216 185 2279 ἐν
209 2214 353 2293 Βάκχαιτ.
774 2219 888 2298 ιμηρῷ.

148 2361 194 2419 ax
206 2361 243 2420 iis
258 2378 334 2436 quae
348 2360 460 2420 scholio
479 2364 658 2420 enarrantur
675 2361 755 2437 apud
769 2360 943 2436 Euripidem
956 2359 1031 2418 nihil
1050 2352 1207 2442 legitur²);
1225 2379 1320 2436 neque

149 2450 269 2509 fabulae
292 2448 470 2525 Euripideae
494 2444 644 2511 ὑπόθεειν
666 2451 860 2526 neglegenter
883 2449 1078 2525 compositam
1102 2448 1207 2510 scholii
1228 2449 1321 2508 fuisse

148 2539 376 2599 fundamentum
396 2538 465 2598 huet
487 2539 686 2614 probabiliter
709 2539 811 2614 conici,
835 2539 975 2614 quoniam
990 2538 1021 2595 in
1035 2537 1220 2597 Baccharum
1234 2557 1321 2614 argu-

150 2631 251 2687 mento
264 2646 324 2687 non
338 2626 375 2686 de
395 2627 522 2707 Semela,
545 2627 597 2688 sed
616 2621 652 2686 de
671 2628 805 2687 Pentheo
824 2627 973 2704 agendum
992 2630 1065 2686 erat.
1104 2626 1163 2685 Sed
1185 2627 1319 2686 conferas

148 2716 324 2792 Apollodori
337 2735 413 2791 quae
429 2719 570 2788 secuntur
583 2717 677 2777 verba
695 2711 919 2790 ἀποθανούτηε
938 2713 974 2776 δὲ
994 2711 1131 2790 (εμέληε
1155 2711 1187 2774 αῖ
1212 2713 1321 2775 λοιπαὶ

149 2799 274 2878 Κάδμου
315 2803 489 2880 θυγατέρεε
526 2803 695 2881 διήνεγκαν
734 2799 835 2876 λόγον
872 2799 1080 2879 ευνηυνὰεθαι
1121 2804 1226 2883 θνητῷ
1258 2821 1319 2864 τινι

148 2889 288 2968 (εμέλην
311 2889 363 2953 καὶ
385 2891 640 2968 καταψεάταεθαι
664 2890 746 2955 Διὸ(
775 2890 826 2954 καὶ
849 2887 898 2954 ὅτι
922 2890 974 2953 διὰ
996 2892 1093 2954 τοῖιτο
1117 2889 1319 2967 ἐκεραυνώθη

146 3000 214 3040 eum
236 2982 420 3042 Bearbarum
442 2983 567 3060 prologo
594 2979 651 3060 [vs.
675 2986 716 3043 26
729 2980 799 3058 sq.]:

329 3119 399 3184 ἐπεί
423 3117 459 3198 μ’
482 3118 621 3198 ἀδελφαὶ
645 3118 775 3198 μητρός,
799 3120 837 3184 διε
860 3117 959 3198 ἥκιετ’
983 3119 1092 3197 ἐχρῆν,

329 3208 491 3272 Διόνυεον
515 3208 573 3273 οὐκ
596 3207 739 3287 ἔφαεκον
762 3209 898 3287 ἐκφῦναι
922 3205 1017 3288 Διόε,
1055 3270 1076 3298 ,Ι
1164 3207 1168 3216 ’

329 3298 468 3376 (εμέλην
492 3299 527 3360 δὲ
551 3301 787 3376 νυμφευθεῖεαν
810 3297 846 3360 ἐκ
869 3300 987 3374 θνητοῦ
1009 3314 1096 3358 τινοε

329 3385 373 3448 εἰ(
396 3384 480 3466 Ζῆν’
503 3385 678 3465 ἀναφέρειν
702 3387 760 3464 τὴν
784 3384 940 3462 ἁμαρτίαν
964 3385 1092 3461 λέχουε,

330 3473 456 3550 Κάδμου
480 3472 659 3554 εοφίτμαθ,
684 3471 731 3537 ὧν
754 3493 804 3538 νιν
828 3473 945 3537 οὕνεκα
968 3477 1097 3536 κτανεῖν

331 3560 414 3640 Ζῆν’
430 3561 659 3642 ἐξεκαυχῶνθ’,
683 3561 732 3626 δ’τι
756 3561 878 3640 γάμου(
901 3561 1069 3640 ἐψεάεατο.

147 3707 223 3768 (lum
252 3706 327 3765 nihil
354 3707 454 3766 obstet
482 3708 638 3782 quominus
661 3707 959 3783 Apollodoreaolim
988 3706 1019 3764 in
1042 3707 1153 3767 scholio
1178 3708 1320 3784 extitisse,

71 3819 74 3826 ·
146 3799 252 3873 postea
275 3813 340 3856 esse
363 3795 474 3855 omissa
497 3798 657 3873 statuatur,
676 3796 827 3872 Euripidis
845 3815 963 3871 nomen,
986 3795 1065 3874 quod
1084 3796 1131 3856 his
1149 3797 1249 3856 verbis
1268 3797 1319 3855 ad-

147 3885 244 3945 ditum
262 3889 336 3962 erat,
359 3885 437 3944 falso
460 3883 518 3943 toti
542 3884 653 3944 scholio
677 3904 695 3942 a
717 3885 840 3943 librario
864 3884 1067 3960 subscriptum
1091 3903 1155 3944 esse
1175 3886 1317 3961 sequitur.

234 3975 374 4034 Alterum
410 3976 530 4049 praesto
567 3976 613 4031 eet
643 3974 811 4049 exemplum
841 3973 967 4033 conlatis
997 3973 1116 4033 scholiis
1146 3971 1165 4033 Γ
1195 3977 1258 4034 243
1288 3980 1319 4034 et

146 4063 231 4122 Pind.
254 4064 339 4126 Nem.
363 4064 390 4122 X
415 4066 492 4122 112:

148 4203 359 4211 ..-..—....-.-—-

221 4265 319 4336 ¹)an
341 4267 372 4322 in
396 4267 503 4322 scholio
526 4267 567 4320 Ld
590 4266 694 4337 legitur
716 4269 749 4320 ut
770 4266 844 4320 iufra
866 4268 938 4335 ἵητιν
966 4284 1017 4334 pro
1041 4270 1143 4335 άφιεῖτ,
1163 4269 1312 4336 ἀετραπαῖε

146 4340 331 4465 ἓζιβρὲιῖιτιαῑε
353 4356 404 4408 pro
424 4337 600 4394 accusativis.
627 4371 658 4378 -
685 4339 706 4407 ²)
726 4338 766 4392 cf.
787 4356 826 4393 vs.
851 4347 917 4407 2sq.
944 4345 1009 4406 leq:
1030 4345 1144 4394 88-97.
1169 4345 1318 4398 aas-297.
