3086 5124
205 203 271 267 430
635 202 779 256 Eduardus
800 202 952 258 Schwartz:

205 372 250 430 ita
274 371 310 430 de
334 372 431 431 altero
454 375 578 448 propter
600 391 707 448 graves
731 373 915 447 corruptelas
939 371 1071 430 conicere
1095 374 1214 430 tantum
1236 371 1318 431 licet:

340 462 404 521 405
424 457 482 539 Vt
507 457 559 520 διὰ
582 458 619 519 τὸ
643 456 690 520 ῶν
713 457 953 533 ἐπιτεταγμένοι
977 457 1012 520 δὲ
1035 457 1123 536 ήταν.
1159 455 1266 519 καὶτὸ
1287 455 1380 522 (όκοε

341 547 375 610 δὲ
403 544 553 624 πόρπακα
577 545 635 609 οὐκ
659 544 745 622 εἶχεν
770 544 852 609 ἀλλὰ
875 548 1034 624 τελαμῶνι
1056 546 1174 624 ἤρτητο
1199 545 1250 609 καὶ
1269 545 1380 611 κανόνι

343 637 510 714 μετήγετο·
537 636 635 712 Κᾶρε(
654 635 689 698 δέ
709 637 784 699 τοὺ(
803 633 972 713 πόρπακα(
992 633 1096 712 εὗρον.
1125 634 1208 697 τινέ(
1228 635 1263 697 δέ
1287 638 1380 720 πηλῷ
1411 653 1414 658 “

344 723 510 802 βόλλεεθαι
540 723 639 787 αὐτὸν
663 722 726 786 ὑπὸ
750 723 872 801 Τρώων
896 722 1017 787 εἴπω(
1042 722 1210 803 βαρυνθείη
1234 722 1298 787 ὑπὸ
1320 730 1379 790 τοθ

340 817 459 890 πηλοῦ·
479 811 730 890 ἀποεειεάμενον
749 813 784 876 δὲ
805 813 922 876 αὐτοὺ(
941 813 999 876 δύο
1019 813 1183 877 κολωνοθ(
1199 817 1326 892 ποιήεαι
1341 835 1380 874 *κ

340 899 417 965 ἀλλ’
449 901 525 965 οὐδὲ
557 901 629 966 θεό(
660 921 757 979 φαειν
790 901 876 985 αὐτῷ
908 905 1025 981 βοηθεῖ.
1072 899 1175 965 αἴτιον
1203 903 1238 963 δὲ
1262 902 1380 967 τούτου

344 989 393 1054 ότι
417 991 457 1053 τὰ
480 992 537 1067 μὲν
561 990 624 1068 πρὸ
648 995 703 1068 τή(
727 992 856 1069 μήνιδο(
881 990 938 1054 οὐκ
962 987 1087 1068 εἴρηκεν
1108 989 1129 1053 -ὁ
1153 993 1297 1069 ποιητήε,
1323 994 1381 1071 τὴν

342 1081 377 1143 δέ
408 1081 429 1160 †
460 1078 607 1142 παιδείαν
640 1080 824 1158 Διομήδου(
857 1077 1015 1157 ἀριετείαν
1053 1077 1133 1142 εἶναι
1171 1080 1381 1159 (υνεργούεηε

341 1168 487 1246 Ἀθηνᾶ(
510 1168 566 1232 τὰ(
591 1169 626 1231 δὲ
650 1165 750 1230 ἄλλα(
774 1170 814 1247 μὴ
838 1167 924 1246 ἐχειν
948 1169 1041 1233 θεοὺ(
1065 1165 1259 1232 ἀπειπόντο(
1283 1169 1379 1233 Διόε·

342 1257 391 1321 διὸ
420 1257 480 1335 οὐχ
504 1255 577 1336 εὗρε
601 1258 712 1335 καιρόν
736 1256 872 1333 εἰεάγειν
892 1256 975 1322 θεόν.
1013 1257 1053 1320 ,οἱ
1072 1258 1108 1320 δὲ
1132 1256 1181 1320 ότι
1204 1262 1260 1336 τῆ(
1284 1256 1372 1322 drui-

339 1351 395 1410 δο(
418 1347 552 1425 ἐξέκοψε
575 1348 699 1423 γλαῦκα
721 1345 771 1409 ότι
795 1346 853 1410 οὐκ
876 1346 1002 1426 ἐβοήθει
1026 1345 1114 1430 αὐτῷ
1138 1345 1262 1425 Ἀθηνᾶ.

208 1441 300 1500 Plura
333 1440 369 1498 de
397 1439 546 1516 Aeschylo
578 1439 772 1515 proferuntur
808 1439 894 1498 docto
927 1438 1039 1498 scholio
1072 1438 1160 1515 Soph.
1194 1440 1240 1500 Αἱ.
1275 1433 1381 1520 833.¹)

208 1531 299 1590 Illum
326 1529 420 1606 igitur
451 1529 635 1606 oppugnavit
659 1528 867 1605 Aristarchus,
895 1528 979 1588 cuius
1011 1529 1160 1588 sententia
1193 1532 1274 1588 extat
1303 1530 1382 1606 apud

209 1618 415 1678 Aristonicum
434 1617 471 1676 ad
487 1614 514 1678 Ξ
530 1620 593 1677 406
610 1663 615 1675 .
632 1664 660 1677 ..
685 1612 733 1676 ὅτι
753 1613 810 1678 οὐκ
829 1612 972 1692 ἄτρωτο(
991 1613 1010 1677 ὁ
1029 1612 1105 1678 Αἶα(
1129 1612 1201 1678 καθ’
1223 1614 1380 1693 Ὅμηρον·

210 1703 237 1768 εἰ
256 1703 317 1781 γὰρ
338 1705 377 1782 μή
398 1703 428 1766 οἱ
452 1705 633 1781 τελαμῶνε(
657 1703 839 1781 trudamur,
863 1703 988 1782 ἐτρώθη
1013 1701 1052 1766 ἄν
1076 1710 1107 1766 et
1130 1707 1168 1766 ad
1191 1704 1220 1767 Ψ
1243 1710 1306 1767 822
1331 1702 1382 1768 ότι

208 1794 244 1857 ἐκ
275 1793 400 1856 τούτων
433 1792 483 1854 καὶ
515 1795 581 1857 τῶν
611 1792 768 1856 τοιούτων
801 1791 950 1871 φαίνεται
982 1790 1056 1856 καθ’
1088 1792 1230 1871 Ὅμηρον
1263 1795 1303 1872 μή
1335 1793 1382 1858 ῶν

209 1880 352 1959 ἄτρωτο(
376 1880 394 1944 ὁ
417 1879 502 1944 Αἶα(
539 1885 583 1942 De
610 1884 777 1960 duplicibus
804 1885 877 1944 loris
901 1885 933 1943 in
956 1885 1079 1944 alterius
1104 1886 1208 1945 scholii
1229 1886 1324 1961 initio,
1348 1891 1383 1947 ut

210 1973 289 2050 apud
317 1973 529 2049 Aristonicum,
552 1973 699 2049 disputari
722 1978 856 2051 apparet,
879 1975 1015 2051 quamvis
1039 1975 1104 2049 ipsa
1126 1976 1219 2033 verba
1241 1980 1383 2053 corrupta

210 2064 283 2140 sint3
315 2063 345 2122 in
374 2063 416 2121 eis
445 2081 520 2138 quae
549 2065 689 2122 secuntur
712 2057 867 2137 ἀτρωεία(
889 2064 1023 2122 fabulam
1045 2063 1141 2121 fusius
1165 2064 1271 2139 exponi
1294 2065 1382 2125 docu-

210 2157 310 2212 mento
334 2155 381 2211 est
404 2171 466 2228 arg.
496 2151 585 2227 Soph.
614 2151 661 2212 Ai.
700 2147 800 2212 ...οἱ
833 2149 868 2212 δέ
901 2147 949 2211 ότι
983 2147 1119 2227 χρηεμό(
1150 2147 1247 2228 ἐδόθη
1278 2150 1381 2230 Τρωεὶ

209 2237 315 2314 πηλὸν
339 2235 411 2301 κατ’
434 2236 533 2300 αὐτοῦ
559 2239 681 2316 βαλεῖν·
706 2239 821 2320 (ιδήρῳ
840 2237 901 2316 γὰρ
921 2237 980 2301 οὐκ
998 2238 1037 2317 ἢν
1060 2236 1194 2315 τρωτό(·
1218 2239 1269 2302 καὶ
1294 2239 1380 2302 οὕτω

209 2322 384 2410 τελευτᾷ.ἐ)
421 2330 515 2405 Atqui
533 2349 601 2389 cum
618 2331 761 2389 nonnulla
781 2349 978 2407 eorumquae
998 2334 1138 2391 secuntur
1160 2332 1267 2390 lacuna
1288 2331 1380 2390 inter·

210 2422 297 2496 cepta
319 2437 415 2494 neque
440 2421 539 2478 cetera
562 2418 680 2495 integra
704 2419 773 2494 sint,
795 2422 898 2478 tamen
921 2421 976 2478 hoc
999 2420 1118 2478 constat
1140 2437 1189 2478 sos
1213 2419 1379 2495 oppugnari

209 2509 260 2584 qui
283 2507 362 2584 apud
386 2508 551 2567 Homerum
574 2508 695 2567 Aiacem
719 2528 738 2566 a
760 2508 817 2567 diis
840 2528 992 2586 nunquam
1015 2507 1151 2568 adiuvari
1173 2506 1381 2567 contenderint

210 2630 253 2639 -
276 2597 431 2673 quaeritur
452 2615 504 2656 cur
527 2597 573 2655 illi
595 2597 650 2657 hoc
673 2598 887 2658 contenderint.
930 2598 1089 2675 Negabant
1113 2596 1217 2672 opinor
1239 2615 1310 2656 casu
1334 2617 1381 2658 ac·

211 2685 309 2745 cidere
336 2685 470 2762 potuisse
494 2689 530 2744 ut
553 2685 629 2744 Aiax
652 2705 805 2763 nunquam
826 2686 1035 2748 volnerarotur
1056 2704 1151 2762 neque
1176 2704 1194 2744 a
1217 2685 1261 2745 dis
1281 2686 1381 2745 defen·

211 2775 335 2834 deretur
354 2777 389 2833 ut
411 2794 436 2834 c.
459 2794 504 2850 gr.
527 2774 686 2834 Diomedes
709 2796 763 2851 per
781 2776 947 2836 Minervam
970 2796 987 2835 a
1010 2776 1116 2835 Martis
1139 2776 1267 2852 impetu;
1290 2776 1382 2836 fuisse

212 2864 305 2940 igitur
328 2883 396 2922 eum
419 2863 666 2922 invulnerabilem
687 2883 783 2940 neque
807 2884 862 2941 ope
885 2866 987 2925 divina
1009 2865 1133 2942 eguisse.
1177 2864 1289 2925 Contra
1312 2865 1383 2925 dicit

209 2953 423 3029 grammaticus
456 2951 530 3012 alias
563 2953 600 3011 ob
631 2972 735 3012 causas
767 2953 832 3013 fieri
861 2954 994 3029 potuisse
1022 2958 1057 3014 ut
1084 2954 1233 3014 Homerus
1261 2955 1383 3014 Aiacem

211 3043 334 3101 deorum
358 3061 413 3118 ope
432 3041 618 3114 destitueret,
642 3061 665 3101 e.
686 3061 709 3102 c.
728 3042 807 3118 quod
826 3043 992 3102 Minervam
1011 3043 1111 3102 Aiacis
1129 3043 1384 3119 magniloquentia

211 3132 354 3190 offensam
378 3149 443 3189 esse
466 3149 485 3189 a
506 3131 657 3189 nonnullis
679 3131 760 3190 tradi
787 3136 897 3208 nosset,
921 3131 973 3190 scd
1001 3151 1065 3190 rem
1089 3131 1213 3190 Achillis
1237 3131 1282 3189 ira
1305 3132 1382 3192 anti·

210 3221 343 3297 quiorcm
363 3238 416 3278 suo
435 3236 517 3278 more
536 3219 800 3296 praetermisisset3
823 3223 939 3280 ceteros
958 3222 1059 3279 autern
1078 3219 1148 3278 deos
1168 3218 1305 3279 adhiberi
1323 3240 1383 3280 non

211 3309 344 3386 potuisse
363 3309 502 3384 quoniam
517 3308 595 3369 lovis
610 3308 751 3369 mandato
771 3329 820 3369 eos
840 3329 858 3368 a
876 3328 979 3386 pugna
997 3309 1121 3367 retineri
1138 3309 1202 3383 ipse
1221 3314 1382 3370 narrasset.

211 3399 293 3459 Haec
320 3398 490 3456 coniectura
516 3397 616 3473 aliquo
645 3399 731 3456 modo
759 3399 897 3458 firmatur
923 3398 1023 3458 verbis
1052 3397 1205 3457 Eustathii
1239 3396 1280 3475 [p.
1308 3401 1383 3474 990,

213 3485 298 3564 98η]
328 3506 404 3563 quae
435 3486 568 3545 suscribo
592 3486 699 3562 omnia,
724 3487 793 3563 quia
817 3488 999 3565 Byzantinus
1028 3487 1140 3547 scholia
1167 3487 1331 3564 integriora
1353 3487 1383 3546 in

212 3577 349 3636 manibus
378 3575 518 3635 habuisse
546 3574 677 3635 videtur:
716 3571 743 3635 εἰ
771 3574 807 3635 δέ
836 3572 866 3636 οἱ
894 3576 1077 3651 τελαμῶνε(
1103 3572 1276 3650 ἐρρύ(αντο
1305 3572 1386 3637 καθὰ

215 3663 337 3740 ἐρρέθη,
363 3660 528 3739 (ημείω(αι
552 3660 603 3723 καὶ
627 3661 662 3723 ἐκ
684 3661 800 3724 τούτου
824 3659 873 3725 ὅτι
896 3663 1017 3740 τρωτό(
1041 3660 1120 3725 ὅλον
1144 3661 1184 3740 ἠν
1207 3659 1226 3724 δ
1249 3660 1325 3726 Αἴα(
1347 3662 1385 3726 τὸ

215 3755 302 3828 (ῶμα
326 3751 377 3814 καὶ
401 3750 441 3814 οὐ
465 3748 548 3828 μόνα
571 3748 610 3812 τὰ
633 3749 706 3827 περὶ
730 3747 892 3828 μαεχάλην
916 3751 995 3814 κατὰ
1014 3750 1169 3829 Αἰ(χόλον
1187 3749 1238 3813 καὶ
1257 3748 1384 3815 ἄλλουε.

287 3891 306 3958 ¹)
331 3888 497 3942 Addebatur
530 3906 593 3942 cum
626 3887 761 3942 Hercules
793 3905 910 3957 puerum
926 3888 1012 3957 'pelle
1039 3886 1152 3948 leonina
1184 3885 1387 3943 circumvoluta

212 3959 448 4015 involuerabilem
463 3959 577 4027 faceret,
593 3959 670 4012 latus
685 3959 792 4013 nudum
804 3959 981 4015 remansisse.
1018 3959 1057 4015 Cf.
1069 3976 1127 4029 arg.
1139 3959 1222 4039 Soph.
1232 3956 1275 4011 Αἱ.
1287 3961 1385 4015 scholi.

213 4032 350 4100 Lycopbr.
376 4037 428 4085 loo
447 4033 471 4084 Ψ
490 4037 550 4086 821.
587 4030 687 4085 Errore
710 4030 904 4086 testimonium
927 4032 1052 4087 adfertur
1073 4030 1189 4084 Pindari
1210 4030 1314 4098 quippe
1338 4031 1388 4099 qui

213 4103 303 4157 Eoeas
328 4103 440 4156 secutus
464 4102 587 4156 carmina
611 4101 728 4155 lsthmio
751 4102 851 4170 quinto
875 4103 1025 4157 Herculem
1046 4119 1097 4172 pro
1120 4117 1207 4172 puero
1224 4104 1387 4169 precantem

214 4174 375 4244 pellemque
384 4188 435 4242 pro
450 4175 585 4242 ἀτρωεία(
599 4173 726 4242 symbolo
744 4173 962 4228 circumdantem
977 4173 1126 4240 describat,
1140 4174 1235 4226 taceat
1248 4173 1283 4226 de
1297 4173 1386 4228 latare

213 4246 328 4301 nudato.
366 4243 477 4298 Collum
486 4244 558 4298 falso
571 4244 923 4300 commemoravitHomeri
937 4244 1091 4299 scholiasta
1103 4246 1205 4313 poetae
1223 4243 1287 4298 loco
1300 4243 1331 4298 in
1345 4261 1385 4299 er-

213 4333 306 4372 rorem
330 4316 470 4370 inductus.
498 4345 528 4355 —
560 4315 625 4396 ²)A
648 4317 792 4386 Sophrona
820 4318 892 4372 hanc
914 4316 1040 4370 fabulam
1071 4314 1284 4370 commemorari
1314 4315 1387 4372 vidit

213 4388 334 4456 Blaydes
356 4387 397 4459 [in
416 4385 511 4440 Aiacis
531 4385 655 4441 editione
672 4405 698 4457 p.
721 4387 776 4458 10].
