3086 5124
266 236 308 289 De
327 234 441 289 scholiis
461 233 617 290 Homericis
636 237 673 290 ad
690 236 838 290 historiam
856 235 1009 292 fabularem
1028 235 1242 306 pertinentibus.
1274 235 1340 300 417

304 401 447 465 sehet-¹4¹
471 408 534 466 203
554 405 582 463 V
605 399 669 465 ἔττι
691 400 752 480 γὰρ
776 402 919 479 ἐρωμένη
944 401 1111 480 Ζεφύρου·
1135 399 1197 481 ἀφ’
1220 399 1267 468 ὧν
1288 402 1342 469 καὶ
1422 365 1425 372 ¹

302 489 360 553 τὸν
383 487 508 568 Ἐρωτὰ
526 510 630 570 φατιν.
638 488 663 573 ¹)
707 488 783 554 ίτω(
806 491 841 554 δὲ
866 488 1088 568 ἀκροθώρακες
1111 488 1205 558 ὄντε(
1227 490 1345 570 ἐρῶτιν

260 583 410 732 (ίκόύίόῆτό
423 672 541 749 profert
562 672 616 732 ubi
639 671 675 731 de
693 671 806 732 Priami
825 676 856 733 et
869 674 989 733 Aeneae
1012 641 1174 733 inimicitia
1191 641 1339 750 disputat:

285 761 395 822 schol.
421 759 445 822 Ν
470 763 533 821 461
554 761 582 819 V
604 759 623 836 ἢ
648 756 693 820 ὡ(
716 763 771 836 τῆ(
795 759 912 836 μητρό(
935 757 1110 838 έκμηνάτη(
1129 756 1341 837 Ἀλέξανδρον

303 841 374 930 κοί)
397 848 417 925 ἢ
441 845 486 910 ὡ(
504 847 671 929 τιμωμένῳ
692 845 756 912 ὑπὸ
777 851 843 911 τῶν
864 848 998 930 Τρῴων·
1018 848 1094 927 φητὶ
1117 846 1193 927 γάρ·
1217 847 1341 912 Αἰνεία(

427 954 463 1018 ὃ(
487 954 590 1033 Τρωτὶ
613 953 686 1018 θεὸτ
709 953 754 1017 ὣ(
777 954 862 1018 τίετο
886 957 975 1038 δήμῳ
999 953 1038 1037 [Λ
1063 956 1128 1035 58].

303 1060 334 1125 οἱ
349 1061 383 1124 δέ
399 1059 448 1124 ὅτι
462 1059 576 1142 πολίτῃ
591 1062 650 1139 τὴν
664 1059 811 1140 ἀδελφὴν
826 1063 967 1125 δέδωκεν
981 1059 1124 1144 Ἀλκάθῳ
1141 1061 1179 1142 [Ν
1196 1067 1260 1125 428
1277 1063 1343 1142 sq.].

306 1149 333 1214 εἰ
351 1149 413 1229 γὰρ
432 1149 582 1226 ἐγνωκὼ(
599 1150 658 1213 τόν
682 1149 830 1229 χρητμόν,
854 1149 913 1214 οὐκ
932 1149 972 1213 ἂν
990 1149 1114 1214 Αἰνεία(
1133 1149 1342 1230 ύπερήτπιτεν

301 1239 453 1318 Ἓκτορο(
483 1238 525 1318 [Ξ
555 1239 648 1319 425],
676 1238 716 1303 ού
746 1239 861 1318 Κύπρι(
891 1237 1088 1322 Ἀνδρομάχῃ
1118 1240 1256 1316 παρὲτχε
1283 1241 1342 1318 τὴν

303 1324 431 1407 ἄμπυκα
464 1328 506 1407 [Χ
535 1334 601 1392 470
621 1329 692 1408 sq.]‚
726 1330 764 1392 ού
796 1330 834 1392 τὸ
866 1331 953 1407 (ῶμα
985 1328 1163 1408 ἐφύλαττεν
1190 1329 1342 1409 Ἕκτορα(

169 1513 206 1571 In
237 1419 350 1571 sohoiiii
372 1417 520 1569 {8513}
537 1511 610 1568 haee
639 1512 792 1571 eontracta
822 1513 905 1586 sunt,
938 1530 1027 1571 nova
1045 1515 1147 1571 tamen
1177 1509 1341 1570 adduntur:

171 1596 224 1661 διὰ
242 1600 339 1661 τοῦτο
358 1597 530 1676 ἑπεμήνιεν
548 1594 655 1678 Αἰνείᾳ
674 1595 753 1659 διότι
773 1595 861 1674 παρά
879 1616 937 1660 του
957 1599 1023 1660 τῶν
1042 1595 1188 1675 μάντεων
1205 1597 1341 1675 ἤκουτεν
1427 1603 1433 1610 '

170 1685 214 1749 ιίιτ
238 1685 318 1763 μετὰ
339 1686 398 1763 τὴν
421 1684 539 1748 ἅλωτιν
561 1689 618 1764 πῆ(
637 1683 753 1763 Τροία(
772 1686 879 1764 μέλλει
902 1685 1026 1749 Αἰνεία(
1049 1684 1147 1749 κτίται
1171 1684 1267 1749 πόλιν
1290 1686 1341 1749 καὶ

171 1776 252 1855 [λῆ]
272 1773 321 1838 ὅτι
340 1775 532 1854 (υνήργητεν
551 1770 750 1857 Ἀλεξάνδρῳ
770 1773 814 1837 εἰ(
837 1771 986 1852 ἁρπαγὴν
1009 1779 1064 1852 τῆ(
1078 1773 1214 1852 Ἑλένητ.
1257 1779 1339 1837 Haeo

169 1888 206 1928 ex
232 1866 351 1944 Cypriis
379 1869 499 1943 sumpta
526 1869 608 1926 sunt:
641 1866 677 1928 ef.
702 1866 841 1927 Proolum
872 1863 924 1926 καὶ
955 1863 974 1942 ἡ
1008 1860 1179 1942 Ἀφροδίτη
1212 1861 1340 1927 Αἰνείαν

170 1952 257 2037 αὐτῷ
280 1955 433 2030 τυμπλεῖν
454 1951 586 2016 κελεύει.
622 1955 667 2014 De
691 1975 749 2032 quo
773 1956 892 2016 oraculo
916 1956 1129 2033 grammaticus
1153 1955 1343 2032 cogitaverit·

171 2046 240 2106 hine
264 2048 401 2122 apparet:

302 2135 391 2195 sohol.
407 2130 435 2194 Υ
451 2136 513 2194 307
530 2132 558 2190 V
573 2128 603 2192 οἱ
627 2131 684 2208 μὲν
708 2129 760 2193 διὰ
780 2129 958 2212 Ῥωμαίου(
986 2130 1091 2211 φατίν,
1115 2129 1197 2208 ἅπερ
1223 2129 1340 2208 εἰδέναι

301 2220 360 2284 τόν
383 2221 518 2298 ποιητὴν
537 2219 656 2282 ἐκτῶν
675 2218 827 2298 (ιβύλλητ
847 2222 1002 2296 χρητμιίιν.
1040 2220 1071 2282 οἱ
1090 2220 1125 2282 δὲ
1145 2218 1195 2284 ότι
1214 2219 1339 2284 Αἰολεί(

303 2307 405 2392 <οὐκ>
428 2309 581 2388 ἐξέβαλον
608 2309 684 2371 τοὺτ
713 2306 898 2384 ἀπογόνου(
921 2303 1088 2394 Αἰνείουί)
1134 2309 1279 2373 πταίουτι
1304 2310 1339 2372 δὲ

302 2396 370 2462 ότοι
403 2397 480 2476 φατὶ
508 2401 605 2460 τοῦτο
639 2395 761 2461 εἰδυῖαν
791 2395 984 2477 Ἀφροδίτην
1017 2399 1251 2477 μηχανήτατθαι
1283 2397 1342 2462 τὸν

302 2487 447 2566 Τρωικὸν
470 2484 622 2564 πόλεμον.
1021 2511 1025 2518 ·
1130 2516 1132 2520 ·

169 2581 284 2654 Iterum
305 2575 425 2655 ἱττορία
448 2599 485 2638 ex
512 2578 599 2638 docta
621 2579 812 2639 adnotatione
831 2580 989 2655 desumpta
1008 2580 1171 2640 invenitur:
1195 2581 1231 2640 of.
1252 2580 1341 2642 schol.

169 2667 284 2731 Υ307
309 2667 465 2728 ABDLd:
503 2661 676 2744 Ἀφροδίτη
709 2669 849 2743 χρητμοῦ
882 2664 1072 2730 ἐκπετόντο(
1105 2664 1154 2730 ὅτι
1188 2671 1244 2745 τῆ(
1276 2669 1342 2730 τῶν

170 2756 357 2833 Πριαμιδῶν
385 2751 483 2834 ἀρχῆ(
516 2752 740 2832 καταλυθείτη(
768 2753 799 2818 οἱ
827 2751 887 2818 ἀπ’
918 2752 1063 2833 Ἀγχίτου
1095 2754 1218 2834 Τρώων
1257 2760 1342 2835 βατι-

170 2844 341 2921 λεύτουτιν,
365 2840 489 2925 Ἀγχίτη
511 2843 573 2921 ἤδη
592 2842 808 2922 παρηκμακότι
828 2847 995 2923 τυνῆλθεν·
1018 2848 1152 2908 τεκοῡτα
1167 2842 1201 2907 δ’
1214 2843 1341 2908 Αἰνείαν

169 2933 220 2997 καὶ
245 2932 422 3012 βουλομένη
446 2930 608 3010 πρόφατιν
631 2932 857 2997 κατατκευάται
879 2937 946 3027 τῆ(κ
954 2936 1020 2996 τῶν
1039 2933 1226 3010 Πριαμιδῶν
1245 2954 1339 2997 κατα-

170 3021 289 3086 λύτεωτ
312 3019 512 3103 Ἀλεξάνδρῳ
531 3019 634 3085 πόθον
648 3020 775 3099 Ἑλένη(
794 3022 928 3100 ἐνέβαλε
947 3021 998 3084 καὶ
1017 3021 1096 3099 μετὰ
1113 3024 1172 3099 τὴν
1191 3021 1340 3101 ἁρπαγὴν

170 3114 216 3195 τῷ
235 3112 293 3189 μὲν
316 3114 425 3175 δοκεῖν
444 3108 612 3188 (υνεμὰχει
630 3114 698 3174 τοί(
713 3099 823 3189 Τρωτί,
841 3114 912 3175 ταῑτ
931 3109 967 3172 δέ
987 3108 1148 3188 ἀληθείαι(
1168 3111 1343 3190 παρηγόρει

168 3201 226 3280 τὴν
248 3199 348 3278 ἧτταν
371 3197 480 3263 αὐτῶν
502 3197 556 3263 ἵνα
580 3201 620 3277 μὴ
653 3203 821 3264 παντελῶτ
853 3197 1084 3263 ἀπελπίταντε(
1111 3195 1254 3264 ἀποδύντι
1284 3202 1342 3280 τὴν

243 3355 263 3424 ¹)
283 3354 402 3409 Alcaeus
426 3354 481 3408 hoo
510 3353 593 3408 dixit:
623 3353 657 3408 of.
678 3354 781 3446 (scholi.
805 3353 949 3448 Theocrit,
965 3354 1030 3408 XHI
1047 3353 1137 3438 inser..
1152 3353 1236 3437 [Pln't
1257 3357 1342 3436 amat.

169 3426 317 3552 aaa
337 3432 452 3552 aa
472 3423 530 3570 ἰι
550 3427 1160 3579 taruennaAeaea
1177 3497 1342 3552 a

173 3569 211 3641 [p.
227 3575 287 3634 916,
302 3569 349 3640 44]
367 3612 373 3623 .
389 3609 395 3622 .
411 3611 416 3622 .
434 3611 440 3623 .
460 3569 533 3623 τινὲτ
552 3570 582 3623 δὲ
601 3571 701 3640 φθόνῳ
721 3569 840 3640 [exe1dit
858 3571 946 3639 1g1tur
964 3586 995 3622 1n
1013 3567 1121 3623 sohoho
1140 3575 1257 3638 φθονῶν
1276 3571 1341 3639 post

172 3639 291 3694 aiterum
305 3642 335 3709 ἤ]
350 3644 386 3708 μὴ
400 3638 527 3706 τιμᾶτθαί
545 3658 612 3708 φατι
624 3641 676 3694 τόν
690 3640 800 3695 Αἰνείαν
818 3642 873 3695 ύπὸ
891 3641 1031 3709 Πριάμου,
1050 3642 1109 3695 ἐπεὶ
1129 3643 1192 3696 θεὸ(
1211 3643 1249 3697 ὣ(
1266 3641 1342 3696 τίετο

171 3713 263 3782 δήμῳ·
289 3713 365 3765 ἄλλοι
389 3713 421 3766 δὲ
443 3711 572 3777 μιτείτθαί
595 3729 678 3779 φατιν
702 3713 788 3766 αὐτὸν
812 3714 850 3766 ιύ(
873 3717 923 3779 τῆ(
947 3714 1051 3781 μητρδ(
1069 3714 1156 3766 αὐτοῦ
1177 3712 1343 3780 Ἀφροδίτη(

169 3784 323 3851 ἐκμηνάτη(
339 3784 390 3837 τόν
405 3783 585 3852 Ἀλέξανδρον
600 3783 638 3837 εί(
650 3785 701 3836 τὸν
715 3788 766 3850 τῆ(
785 3784 893 3851 Ἑλένη(
911 3785 1011 3851 ἔρωτα.
1032 3813 1065 3824 -
1086 3783 1106 3852 ⁸)
1126 3782 1168 3836 Ex
1182 3782 1344 3856 oonieotura

168 3852 337 3923 particulam
354 3851 519 3923 negativam
536 3852 657 3924 reposui,
677 3859 847 3922 quamquam
862 3855 940 3909 oerta
956 3853 1039 3909 huius
1053 3853 1165 3908 fabulae
1179 3853 1344 3909 testimonia

169 3923 279 3980 adferre
296 3941 354 3979 non
371 3941 494 4006 possum.
528 3925 584 4006 Sed
598 3925 710 3979 Aeneae
725 3925 842 4006 stirpem
859 3925 890 3978 in
902 3925 1010 3980 Troade
1028 3942 1079 3996 per
1096 3925 1214 3994 longum
1225 3928 1342 4007 'tempus

168 3995 1344 4149 aaaazauasatu0taaz¹¹aataatara⁰natarat

168 4140 260 4194 torem
279 4139 335 4193 diei
352 4139 607 4208 praetermittatur3
626 4140 658 4193 ut
675 4138 766 4194 multa
784 4155 801 4193 a
819 4139 990 4194 Graecorum
1008 4139 1191 4220 sonptoribus
1211 4140 1247 4194 ad
1265 4139 1342 4210 piam

168 4213 336 4280 'gratamque
349 4209 489 4266 maiorum
501 4207 667 4265 memoriam
680 4209 778 4292 referri
793 4210 930 4291 solebant
944 4210 987 4265 ita
1000 4228 1095 4266 neseio
1110 4227 1147 4266 an
1161 4228 1195 4266 oa
1209 4212 1244 4266 de
1259 4228 1343 4266 eausa

168 4281 276 4336 foetum
299 4298 360 4337 esse
382 4281 546 4352 putaverint
567 4281 697 4336 nonnulh
718 4284 751 4335 ut
774 4282 861 4336 etiam
884 4284 950 4352 post
971 4281 1143 4338 Graecorum
1164 4282 1290 4338 colonias
1312 4281 1342 4337 in

169 4351 267 4407 Asiam
299 4353 435 4410 deductas
466 4353 573 4410 vetusti
599 4353 762 4408 Aeneadum
792 4352 873 4423 regni
900 4355 1078 4411 remanerent
1104 4353 1238 4424 vestigia,
1267 4354 1343 4425 quod

167 4421 323 4488 Aeolenses
339 4428 456 4495 propter
474 4428 596 4481 auctoris
614 4423 781 4480 beneficium
799 4425 880 4496 genti
897 4425 1096 4496 pepercissent.
