3086 5124
273 244 316 299 Dc
335 246 450 301 scholiis
470 247 627 303 Homericis
647 248 682 302 ad
701 248 849 304 historiam
868 249 1024 306 fabulerem
1042 252 1256 322 pertinentibus.
1284 254 1351 318 413

156 412 291 474 'scendit
307 415 464 476 universae
483 417 581 494 gentis
599 417 725 492 perfidia
737 417 885 480 incusata:
910 419 946 478 cf.
969 423 1084 480 heterna
1107 421 1145 480 ad
1169 418 1201 482 Δ
1223 425 1264 483 88
1289 471 1295 484 .
1316 469 1348 483 ..

173 499 225 563 καὶ
240 497 290 563 ὅτι
308 500 400 580 φύςει
418 500 567 580 ἐπίορκος
585 502 637 582 ἢν·
661 502 699 566 τὸ
718 506 799 578 γοῦν
818 502 911 569 ἔθνος
930 503 975 568 ἔτι
999 505 1049 569 καὶ
1069 509 1128 570 νῦν
1147 511 1237 571 δοκεῖ
1255 506 1345 587 εἶναι,

172 586 251 654 ὅθεν
274 589 397 653 ἐκεῖνος
421 591 469 670 ἦν,
494 590 653 669 ἐπίορκον.

307 683 397 743 schol.
421 680 453 742 Δ
474 686 538 744 330
562 682 589 740 V
611 678 686 743 ίςως
710 681 780 744 ἐπεὶ
805 682 954 760 Κέφαλος
979 681 997 746 ὁ
1016 682 1158 762 Δηιόνος
1182 682 1348 764 Ἀθηναῖος

305 766 352 831 ὢν
375 767 466 850 ᾤκιςε
490 770 548 847 τὴν
574 768 806 848 Κεφαλληνίαν,
830 770 1047 850 ςυνετὰγηςαν
1071 773 1181 857 αὐτῷ,

171 859 310 920 Telebois
323 861 411 921 victis
431 859 596 939 Cephalum
618 861 834 924 Atheniensem
856 864 895 922 ab
921 865 1142 942 Amphitryone
1165 885 1220 942 pro
1244 867 1347 926 auxilii

170 949 306 1009 mercede
340 948 564 1026 Cephalleniam
594 951 742 1026 accepisse
773 952 855 1011 haud
892 954 980 1029 pauci
1015 958 1140 1014 narrant
1175 953 1297 1032 [Strabo
1320 957 1348 1014 X

170 1059 199 1114 p.
228 1040 302 1099 452.
331 1040 405 1101 459.
433 1041 506 1101 456.
530 1043 593 1100 461
624 1040 795 1116 Εραρλιτοᾶ.
822 1041 853 1100 in
878 1041 928 1104 Et.
957 1043 996 1103 M.
1026 1043 1103 1120 507,
1133 1047 1173 1104 26
1204 1045 1346 1121 su'Byz.

169 1147 197 1203 p.
223 1129 300 1204 381,
338 1129 377 1188 18
410 1128 498 1190 Pane.
526 1127 542 1187 I
571 1131 626 1203 37,
651 1132 669 1189 6
713 1129 850 1205 Apollod.
879 1131 909 1190 II
937 1134 973 1209 4,
1000 1134 1031 1208 7,
1056 1130 1104 1209 5],
1133 1129 1222 1210 atque
1251 1134 1346 1194 Vlixis

140 1275 143 1284 A
171 1220 299 1276 stemma
322 1235 338 1276 e
362 1215 492 1294 Cephalo
516 1217 683 1278 deducitur:
708 1219 744 1279 cf.
769 1219 870 1280 scholl.
895 1216 919 1279 Β
944 1222 1017 1282 631.
1044 1224 1106 1282 173
1130 1238 1157 1280 ω
1182 1226 1254 1284 270.

261 1304 408 1365 Similiter
430 1326 505 1383 quae
528 1307 683 1384 inpugna
706 1308 782 1384 fiunt
806 1308 991 1384 explicantur

305 1394 396 1458 schol.
419 1392 440 1456 Ε
460 1398 523 1457 843
543 1397 594 1456 BL
614 1390 757 1473 Ὀχήςιος
776 1393 898 1458 Οἰνέως
921 1393 990 1458 υίὸς
1009 1395 1148 1475 ὥςφηςι
1168 1395 1344 1476 Νίκανδρος

303 1480 340 1543 ἐν
366 1485 435 1546 τοῖς
464 1481 655 1563 Αἰτωλικοίς.
691 1481 771 1550 κατὰ
799 1482 983 1563 Διομήδους
1011 1484 1070 1554 οὖν
1099 1485 1150 1550 καὶ
1179 1486 1257 1564 αὕτη
1285 1492 1344 1552 τοῦ

304 1567 426 1647 Ἄρεως
448 1571 467 1649 ἡ
492 1574 610 1649 πρᾶξις.
640 1571 643 1578 ’

303 1657 394 1722 schol.
408 1659 433 1724 Λ
449 1665 511 1724 613
528 1663 556 1721 V
574 1662 593 1740 ἢ
614 1659 658 1724 ὡς
677 1659 901 1740 πληςιοχώρου
917 1662 1079 1741 φροντίζει
1097 1665 1116 1742 ἢ
1132 1663 1203 1728 ἐπεὶ
1216 1662 1342 1743 Ἀςκλη-

300 1747 373 1812 πιὸς
396 1749 447 1812 καὶ
470 1747 632 1827 Ἀχιλλεὺς
656 1751 864 1829 ςυμφοιτηταὶ
888 1750 976 1830 παρὰ
1001 1751 1143 1831 Χείρωνι.

168 1839 323 1914 quaeritur
350 1859 403 1900 cur
434 1838 566 1901 Achilles
602 1842 775 1902 Patroclum
806 1843 922 1903 miserit
954 1846 989 1904 ut
1022 1843 1057 1904 de
1093 1845 1255 1906 Machaone
1288 1848 1342 1908 sci-

170 1927 337 1991 sciteretur.

303 2019 392 2079 schol
419 2016 506 2080 Nat
530 2019 559 2077 V
582 2014 726 2080 Θόαντα
756 2015 866 2096 ἐγάμει
889 2017 950 2096 γὰρ
976 2015 1171 2098 Ἀνακτόραν
1193 2023 1252 2098 τὴν
1274 2022 1342 2100 Πη-

304 2104 414 2168 νέλεω.
457 2103 639 2183 Δηίπυρον;
667 2103 789 2170 Πύλιος
816 2107 857 2186 ἦν
885 2106 1053 2172 dic-uver-
1081 2109 1111 2173 οί
1139 2110 1175 2172 δὲ
1203 2108 1341 2190 ἀδελφοί

302 2192 547 2272 Μηριόνου...
615 2239 619 2246 -

166 2283 387 2364 ccnirmguntur
420 2287 499 2346 enim
531 2306 549 2347 s
579 2290 670 2364 poeta
701 2287 847 2348 Peneleus
880 2289 980 2348 Thoas
1012 2289 1162 2366 Deipyrus
1193 2293 1340 2353 Meriones

169 2373 373 2435 Antilochus.-

253 2464 314 2524 Vbi
329 2465 479 2525 Meriones
490 2466 661 2525 adsociatur
670 2467 854 2542 Lycomedes
863 2464 995 2544 [1240]‚
1006 2467 1340 2546 adnotatur[echcl.V]:

300 2551 380 2629 Κρὴς
408 2549 634 2630 ὁΛυκομήδης
667 2550 711 2614 ὥς
743 2572 839 2630 φηςιν
866 2551 1013 2616 Ἡςίοδος
1045 2555 1232 2630 καταλέγων
1264 2557 1340 2619 τοὺς

300 2644 477 2718 μνηςτῆρας
500 2639 636 2718 Ἑλένης.

252 2731 312 2790 Vbi
321 2731 494 2808 Deiphobus
506 2732 683 2793 describitur
692 2731 884 2793 Idomeneum
893 2736 999 2810 petens
1008 2734 1082 2794 haec
1092 2734 1243 2812 adscripta
1254 2740 1339 2798 sunt:
1388 2786 1397 2808 ,

295 2820 385 2881 schol.
411 2819 435 2882 Ν
456 2823 519 2882 517
535 2821 563 2879 V
581 2816 626 2882 ιίις
645 2817 836 2897 ἀντεραςτὴς
857 2818 998 2898 Ἑλένης,
1018 2818 1063 2882 ὡς
1083 2825 1234 2898 μαρτυρεῖ
1253 2819 1332 2901 Ἴβυ-

218 2912 230 2966 ,’
295 2924 350 2968 κος
374 2906 425 2970 καί
447 2907 633 2986 (ιμωνίδησ
662 2906 737 2972 ἀλλ’
764 2907 839 2974 οὔτε
866 2908 929 2987 ἤρα
957 2907 1161 2986 μεςαιπόλιος
1193 2908 1268 2974 οὔτε
1299 2911 1337 2974 τὸ

295 2995 383 3072 παρὰ
405 2993 511 3078 Ἰβύκῳ
535 2994 664 3074 ἀληθές·
688 2995 771 3061 ἀλλὰ
794 2996 847 3060 διὰ
868 2998 945 3061 τοὺς
968 2995 1132 3061 πεςόντας.

296 3087 385 3148 schol.
410 3085 439 3148 Ψ
459 3090 520 3148 681
542 3088 570 3146 V
588 3084 652 3148 ἔςτι
674 3086 736 3162 γὰρ
755 3085 922 3164 Δηιπύλης
940 3089 996 3165 τῆς
1017 3084 1190 3162 Ἀδράςτου
1209 3087 1260 3150 καί
1279 3107 1335 3163 γα-

296 3175 347 3249 μεῖ
374 3171 560 3251 ιΑἰγιάλειαν
578 3195 579 3200 ’
598 3175 673 3252 [cod.
706 3174 913 3254 Εὐρυάλειαν]
946 3175 1005 3253 τὴν
1038 3173 1219 3253 Ἀδράςτου.
1253 3174 1271 3239 ὁ
1300 3176 1337 3239 δέ

295 3260 457 3342 Εὐρύαλος
481 3263 663 3340 Μηκιςτέως
685 3264 749 3327 ἐςτὶ
771 3267 830 3328 τοῦ
854 3261 1000 3341 ἀδελφοῦ
1024 3261 1205 3340 Ἀοράςτοα

161 3352 264 3430 egitur
290 3353 326 3412 de
355 3354 499 3414 Diomede
526 3357 692 3432 Euryalum
721 3356 857 3417 Mccistei
882 3356 979 3414 filium
1011 3359 1081 3414 ante
1108 3357 1339 3434 pugillationem

163 3460 230 3500 eum
251 3441 335 3517 Epeo
359 3445 544 3504 subeundam
567 3445 752 3506 exhortante.

250 3530 361 3590 Mirum
379 3533 538 3593 ridebatur
559 3534 764 3611 grammaticis
783 3533 959 3595 Sthenelum
977 3534 1029 3610 qui
1049 3533 1120 3592 olim
1138 3533 1218 3593 inter
1237 3535 1337 3612 epigo-

161 3637 216 3680 ncs
239 3620 356 3680 Thebes
385 3627 595 3700 expugnasset,
623 3623 704 3700 apud
732 3623 898 3684 Homerum
926 3623 1063 3700 aurigam
1091 3641 1157 3682 esse
1185 3624 1337 3688 Diomedis
1368 3675 1374 3688 .

162 3726 258 3785 neque
281 3709 344 3769 acie
368 3704 553 3791 dimicer·e¹):

212 3867 215 3872 ,
295 3799 385 3860 schol.
409 3796 436 3859 θ
458 3802 520 3859 114
539 3801 591 3859 BL
615 3797 692 3876 φαςὶ
715 3799 751 3861 δέ
774 3798 833 3863 τὸν
857 3798 1015 3863 (θένελον
1039 3793 1104 3860 ἀπὸ
1128 3801 1186 3860 τοῦ
1209 3798 1337 3877 τείχους

295 3885 527 3963 κατενεχθέντα
550 3891 710 3964 τρωθῆναι
732 3888 771 3951 τὸ
795 3890 919 3953 ςκέλος·
944 3886 996 3950 διὰ
1017 3889 1115 3949 τοῦτο
1140 3885 1180 3949 οὐ
1204 3891 1338 3966 πολεμεῖ

203 4001 205 4004 ·
296 3970 371 4036 ἀλλ’
393 3973 517 4052 ἡνιοχεῖ
539 3975 703 4053 Διομήδει.

248 4067 298 4126 vel
307 4065 467 4142 Lyciorum
476 4065 583 4128 ducem
596 4085 662 4127 esse
670 4067 875 4145 Sarpedonem
890 4086 985 4146 neque
996 4069 1150 4145 Glaucum,
1165 4088 1232 4129 cum
1247 4069 1338 4128 hicex

160 4154 400 4230 Bellerophontis
424 4156 517 4232 stirpe
536 4159 620 4216 ortus
644 4160 723 4216 essct
745 4161 832 4233 patre
852 4158 1049 4234 Hippolocho,
1072 4159 1124 4218 illc
1142 4162 1239 4218 matre
1263 4159 1338 4218 Lec-

162 4243 262 4302 damia
285 4241 334 4319 [cf.
358 4240 469 4305 2196
490 4243 580 4322 sqq.]:

204 4405 207 4424 ί
239 4431 259 4502 ¹)
278 4431 354 4488 Bene
374 4431 480 4488 detali
498 4449 529 4488 re
548 4431 709 4504 disputatur
727 4433 815 4490 schol.
834 4436 864 4492 Π
883 4440 943 4490 244.
