3086 5124
264 239 305 294 De
325 238 440 294 scholiis
459 237 615 293 Homericis
635 238 671 292 ad
690 237 837 294 historiam
856 239 1011 295 fabularem
1029 240 1242 310 pertinentibus.
1276 241 1341 306 447

168 411 233 469 tum
262 407 383 484 eiusque
410 409 528 482 patrem
556 407 705 484 Eurytum
728 407 869 468 habuisse
902 409 1010 468 dieitur
1043 408 1194 469 diversum
1226 413 1273 470 est
1304 411 1342 470 ab

168 517 203 558 eo
231 497 309 573 quod
341 515 360 555 a
386 495 559 573 Pherecyde
586 496 732 556 traditum
760 513 826 556 esse
855 516 871 556 e
903 498 993 558 schol.
1024 487 1117 576 Sophj
1143 498 1250 558 Trach.
1279 501 1342 560 354
1457 559 1459 564 ,

169 579 401 664 cognoscitur.¹)

256 674 320 733 Iam
347 673 441 750 igitur
472 692 507 733 ex
535 673 801 749 subscriptionibus
828 674 950 750 probari
977 677 1081 752 nequit
1103 676 1281 751 Apollodori
1310 682 1340 737 et

167 759 314 838 ίετοριῶν
331 780 509 822 consensum
527 761 571 821 ita
594 761 801 838 explicandum
820 782 885 823 esse
904 767 940 823 ut
957 764 1039 840 ipsos
1053 765 1341 842 mythographorum

167 853 261 912 libros
285 855 314 912 et
340 871 358 910 e
381 850 542 910 scholiasta
570 854 600 911 et
628 851 666 910 ab
690 852 872 927 Apollodoro
902 871 967 912 esse
990 857 1153 929 excerptos,
1176 854 1342 914 carminum

167 941 329 1018 lyricorum
352 941 401 1000 uel
429 940 579 1016 epicorum
607 944 784 1016 argumenta
807 941 845 1000 ab
868 942 993 1001 Homeri
1015 945 1250 1002 commentatore
1273 963 1341 1004 con·

165 1031 245 1090 lecta
278 1033 310 1090 et
344 1028 456 1104 passim
476 1028 687 1098 ,bibliothecae
720 1029 854 1106 inspersa
886 1024 1089 1112 conciatur.2)
1136 1031 1195 1090 Sed
1226 1033 1276 1091 vel
1306 1051 1342 1092 ea

166 1119 204 1177 de
239 1118 355 1178 ratione
388 1117 467 1193 quod
496 1117 679 1177 bibliotheca
702 1121 748 1178 est
779 1119 921 1179 historiae
948 1120 1093 1178 fabularis
1126 1121 1341 1198 compendium,

166 1207 300 1284 graviter
332 1206 512 1267 monendum
544 1225 608 1266 esse
637 1225 742 1266 censeo
774 1227 811 1266 ne
842 1208 874 1266 in
902 1209 966 1268 eius
994 1209 1123 1285 origines
1152 1213 1183 1268 et
1214 1210 1341 1269 auctori·

166 1299 265 1356 tatem
286 1295 331 1355 ita
353 1295 523 1372 inquiratur
545 1296 631 1372 quasi
653 1297 757 1355 unicus
780 1297 888 1357 fnisset
910 1297 1031 1357 libellus
1057 1302 1147 1373 atque
1171 1298 1340 1375 singularis,

170 1385 222 1444 sed
239 1384 284 1445 ita
301 1388 336 1445 ut
351 1403 469 1460 semper
483 1387 623 1444 teneatur
641 1386 718 1445 hune
740 1405 833 1444 nuum
856 1386 943 1445 hodie
967 1405 1122 1462 superesse
1146 1405 1181 1446 ex
1203 1387 1341 1463 plurimis

167 1476 257 1550 etque
271 1491 393 1551 prorsus
408 1473 541 1534 eiusdem
555 1473 674 1549 quidem
684 1474 811 1551 generis.
839 1475 908 1534 Dixi
923 1494 1012 1551 supra
1028 1472 1203 1553 [p.443sq.]
1216 1476 1340 1536 Homeri

169 1563 347 1624 scholiastae
365 1562 500 1621 fabulam
514 1563 615 1622 Peliae
634 1582 671 1620 cr
694 1563 771 1622 libro
785 1564 902 1640 volgari
924 1567 1061 1639 paratam
1084 1565 1177 1624 fuisse
1200 1565 1340 1641 qnoniam

74 1713 79 1720 ,
166 1652 231 1712 loco
254 1651 299 1712 ita
321 1651 422 1727 inepto
454 1655 671 1726 proponeretur
694 1655 728 1711 nt
751 1671 788 1710 ex
810 1652 897 1711 docto
920 1652 1132 1713 commentario
1155 1654 1251 1728 petita
1275 1673 1339 1713 esse

165 1740 268 1816 putari
289 1758 350 1798 non
361 1743 465 1815 posset
481 1771 519 1780 -
536 1740 627 1815 quid?
650 1743 685 1800 ut
702 1743 808 1814 postes
826 1741 985 1816 Byzantini
1008 1741 1117 1817 ubique
1140 1741 1339 1802 bibliothecae

166 1828 267 1905 copias
287 1827 418 1904 speciose
441 1831 619 1904 proponunt,
642 1829 751 1888 similia
773 1829 947 1904 compendia
960 1830 1062 1889 verine
1086 1833 1132 1889 est
1155 1830 1338 1891 simillimum

165 1935 184 1976 a
206 1917 375 1978 scholiastis
395 1917 567 1993 saepissime
587 1936 652 1976 esse
666 1918 847 1994 compilata?
893 1918 1066 1996 Quicunque
1079 1919 1172 1995 igitur
1186 1919 1338 1980 inveniun-

163 2010 216 2066 tur
229 2024 389 2066 eonsensus
399 2005 598 2066 bibliothecen
612 2007 776 2083 taliumque
788 2007 975 2084 scholiorum,
987 2026 1037 2067 eos
1048 2009 1209 2067 maximam
1218 2011 1338 2084 partem

163 2115 224 2154 non
241 2095 280 2154 ad
297 2099 431 2154 veterem
453 2095 583 2170 aliquem
606 2099 757 2156 auctorem
781 2097 907 2156 eundem
930 2098 968 2155 ab
993 2097 1129 2156 omnihus
1153 2097 1337 2174 exscriptum
1363 2159 1366 2163 ,

162 2185 285 2259 referes,
304 2183 357 2244 sed
375 2204 411 2242 ex
429 2188 537 2243 natura
555 2183 704 2244 derivabis
722 2185 971 2260 compendiorum.
1017 2186 1182 2262 Postquam
1201 2187 1280 2246 enim
1301 2207 1337 2246 er

162 2271 912 2349 primorumhuiusmodilibrorumexemplocertus
920 2273 1101 2334 constitutus
1110 2275 1335 2334 estfebularum

164 2360 245 2420 orbis
272 2379 403 2436 ususque
430 2364 597 2438 auctorum,
629 2362 689 2421 iam
718 2362 810 2422 ceteri
837 2362 967 2438 plurima
995 2363 1137 2422 exhibent
1168 2365 1337 2424 communia

162 2452 255 2525 atque
281 2449 434 2509 rarissime
461 2450 579 2527 integra
606 2451 751 2526 praebent
779 2456 935 2511 auctorum
961 2451 1173 2527 primariorum
1196 2453 1334 2530 vestigia.

161 2537 195 2596 H.
219 2557 243 2598 e.
271 2537 393 2598 Danaae
416 2539 520 2598 fabula
546 2539 578 2598 in
609 2540 790 2600 bibliotheca
816 2540 860 2599 ita
889 2541 1047 2616 exponitur
1069 2544 1104 2600 ut
1133 2541 1333 2600 enarrationis

163 2630 250 2686 tenor
273 2627 313 2686 sit
335 2627 558 2705 Pherecydeus:

316 2716 405 2776 schol.
427 2717 486 2793 rip.
509 2717 582 2794 Arg.
606 2717 669 2776 IIII
694 2720 776 2778 1091
1003 2717 1149 2794 Apollod'
1164 2717 1195 2776 ΙΙ
1220 2721 1250 2793 4,
1276 2722 1293 2776 1

210 2801 392 2879 Φερεκύδητ
414 2802 451 2867 ἐν
474 2807 520 2885 τῷ
545 2801 563 2879 β’
585 2801 703 2881 ‘irrepet
721 2801 766 2865 ὡε
785 2800 936 2881 Ἀκρίειοε
1008 2800 1147 2885 Ἀκριείῳ
1191 2803 1226 2866 δὲ
1264 2803 1336 2880 περί

162 2893 258 2968 γαμεῖ
276 2889 448 2968 Εὐρυδίκην
466 2892 524 2969 τὴν
542 2890 790 2968 Λακεδαίμονοτ·
813 2895 880 2954 τῶν
899 2892 935 2954 δὲ
963 2890 1088 2955 παίδων
1107 2893 1263 2966 γενέεεωτ
1281 2888 1335 2968 ἀρ-

163 2977 285 3054 γίνεται
318 2977 443 3056 Δανάη.
481 2980 636 3062 χρωμένῳ
669 2980 704 3043 δὲ
738 2979 825 3063 αὐτῷ
862 2980 936 3058 περὶ
963 2980 1336 3058 ρένωνχρηετηριαῑομέ-

161 3065 295 3145 ἄρεενοε
325 3068 439 3131 παιδὸε
466 3066 598 3145 ἔχρηεεν
622 3065 640 3130 ὁ
664 3068 738 3133 θεόε
765 3069 802 3132 ἐν
829 3069 935 3133 Πυθοῖ
962 3088 1009 3152 νῳ
1039 3067 1058 3131 ὁ
1086 3068 1160 3132 θεὸε
1189 3065 1252 3145 ἔφη
1283 3087 1335 3142 γε-

158 3154 209 3220 ὅτι
233 3155 321 3241 αὐτῷ
345 3157 404 3234 μὲν
427 3155 486 3220 οὐκ
509 3154 594 3219 ἔεται
613 3161 689 3223 παῖε
708 3155 814 3236 ἄρεην,
839 3157 874 3220 ἐκ
898 3158 932 3220 δὲ
962 3160 1107 3237 νήεεεθαι
1117 3159 1218 3240 παῖδα
1232 3156 1267 3220 ἐκ
1280 3159 1336 3234 τῆε

159 3249 216 3323 τῆ(
239 3244 406 3324 θυγατρόε,
431 3246 512 3324 πρὸ(
539 3244 579 3309 οὗ
607 3245 705 3310 αὐτὸν
736 3244 932 3310 ἀπολεῑτθαι.
961 3245 1120 3323 θυγατρὸε
1157 3245 1193 3308 ὃ(
1235 3243 1336 3308 αὐτὸν

160 3331 180 3396 ὁ
201 3333 236 3396 δὲ
257 3331 464 3413 ἀναχωρήεαε
484 3333 528 3398 εἰ(
547 3334 664 3413 Ἀργοε
683 3333 827 3411 θάλαμον
847 3338 933 3398 ποιεῖ
961 3333 1141 3398 ἀποκτενεῖ.
1161 3332 1336 3397 δείεαεοῦν

160 3423 303 3499 χαλκοῦν
330 3421 366 3486 ἐν
394 3429 431 3506 τῇ
456 3423 537 3507 αὐλῇ
560 3428 616 3502 τῆε
639 3423 739 3488 οἰκίαε
762 3422 843 3486 κατὰ
866 3427 932 3501 γῆτ,
961 3421 1112 3501 Ἀκρίειοε
1141 3426 1238 3486 τοῦτο
1271 3420 1334 3486 ὑπὸ

161 3509 241 3574 ἔνθα
273 3511 332 3589 τὴν
356 3510 491 3590 Δανάην
526 3511 642 3589 εἰτάγει
682 3512 759 3592 μετὰ
796 3516 931 3591 τροφοῦ,
960 3517 1021 3591 γῆν
1054 3509 1201 3590 θάλαμον
1238 3531 1334 3574 κατα-

156 3633 374 3644 .-—-—.—

236 3701 432 3769 1)Φερεκιίδηε
456 3706 539 3771 φηείν
563 3706 652 3758 οὕτω·
679 3707 747 3771 μετὰ
771 3707 801 3760 δὲ
824 3705 876 3758 τὸν
900 3705 998 3769 ἀγῶνα
1024 3705 1161 3770 Ἡρακλῆα
1179 3704 1335 3771 ἀφικνεῖται

69 3825 71 3830 .
155 3774 226 3840 πρὸ(
247 3773 371 3840 Εὔρυτον
393 3773 445 3826 τὸν
469 3775 594 3829 Μέλανα(
617 3782 668 3830 τοῦ
689 3777 861 3844 Ἀρκεαλάου
885 3775 923 3829 εἰ(
941 3779 995 3844 τὴν
1014 3774 1158 3842 Οἰχαλίαν·
1185 3777 1283 3843 ᾠκεῖτο
1303 3775 1334 3828 δὲ

39 3897 42 3902 .
155 3846 229 3912 αὕτη
244 3845 376 3913 ἐνΘοίτλη
391 3848 441 3910 τῆ(
456 3845 611 3912 Ἀρκαδίαε·
632 3849 685 3900 καί
700 3850 773 3916 ῇτει
788 3851 852 3914 τὴν
866 3849 1038 3914 θυγατέρα
1052 3847 1162 3914 Ὕλλῳ
1177 3851 1333 3910 γυναῖκα·

155 3921 209 3970 του
234 3916 265 3969 δὲ
289 3918 325 3982 μὴ
352 3915 452 3969 δόντοτ
476 3917 610 3984 Ἡρακλῆα
633 3917 689 3972 εἷλε
712 3921 765 3986 τὴν
789 3917 921 3983 Οἰχαλίαν
946 3921 990 3972 καί
1013 3918 1081 3970 τοὺ(
1104 3917 1181 3970 eron<
1205 3917 1333 3969 ἔκτεινεν.

155 3989 261 4054 Ἴφιτοε
292 3987 322 4040 δὲ
349 3987 455 4055 ἔφυγεν
477 3986 515 4040 εἰ(
540 3987 667 4052 Εὔβοιαν.
691 4019 724 4027 -
749 3987 835 4042 schol.
861 4007 883 4055 ῳ
907 3994 940 4042 22
969 3989 1021 4043 τὸν
1049 3987 1080 4040 δὲ
1110 3988 1332 4055 Ἡρακλέα...

156 4058 344 4148 καταττρέψαι
364 4059 415 4148 διὰ
438 4059 472 4112 rb
491 4059 560 4126 πρδτ
579 4060 669 4150 αὐτὸν
686 4060 759 4125 ἔχειν
777 4062 901 4148 ἔγκληρα
921 4063 965 4114 καλ
983 4060 1035 4113 τὸν
1053 4060 1162 4126 πατέρα
1181 4060 1224 4148 ὅτι
1243 4061 1334 4112 τελευ-

154 4129 1332 4270 {lttthtlarlttllelllleallesthornllhl‘eltt

154 4267 270 4338 Hippol.
301 4275 351 4324 545
402 4271 500 4340 Neque
528 4272 690 4354 probandus
719 4273 763 4325 est
791 4271 948 4326 Odofredus
976 4269 1097 4351 Mueller
1128 4270 1206 4342 [Dor.
1229 4269 1284 4324 vol.
1308 4269 1332 4350 ll

153 4359 181 4410 p.
202 4341 267 4422 453]
292 4341 367 4407 quod
386 4359 419 4397 ex
438 4342 554 4426 scholiis
576 4343 726 4398 Homerico
752 4345 781 4397 et
800 4341 957 4411 Sophocleo
987 4359 1064 4396 omnr
1089 4342 1173 4396 modo
1194 4357 1331 4396 consatel-

154 4412 233 4467 natas
260 4410 438 4483 Pherecydes
455 4415 631 4471 restituebat.
651 4447 686 4456 -
708 4416 728 4484 ²)
747 4413 862 4470 Robert.
881 4414 899 4472 l.
919 4431 942 4471 c.
962 4433 989 4486 p.
1010 4421 1052 4470 86.
