3086 5124
247 249 313 312 458
674 249 821 304 Eduardus
841 249 996 305 Schwartz:

246 420 396 493 sumptae,
434 417 485 476 sed
519 437 538 476 a
569 417 736 478 scholiastis
773 419 809 476 de
842 418 974 494 ipsorum
1006 416 1141 478 doctrina
1175 418 1337 494 adpositae.
1381 449 1422 460 -

245 505 450 566 Bibliothecae
477 507 681 566 testimonium
709 507 891 582 adscriptum
919 511 966 567 est
994 507 1093 568 scholl.
1121 505 1146 567 A
1169 510 1221 567 42.
1254 509 1327 569 126.
1358 510 1424 568 195

250 593 272 655 Β
299 598 370 656 103.
395 597 467 656 494.
506 595 680 656 Sedunum
703 597 793 656 schol.
817 595 842 657 A
868 599 929 656 126
959 597 1003 656 its
1030 615 1097 654 cum
1123 595 1299 672 Apollodori
1321 597 1426 657 uerbis

247 681 276 758 [I
303 688 329 760 7,
355 681 388 760 2]
413 684 542 745 concinit
564 687 598 744 ut
621 705 657 744 ex
680 705 714 744 so
738 685 918 761 descriptum
948 704 1012 744 esse
1040 685 1142 760 putari
1170 687 1272 762 possit.
1311 685 1428 745 Scholii
1513 743 1514 746 ,

249 771 274 833 Α
298 776 340 832 42
363 775 457 833 verbe
479 769 588 835 καθότι
612 771 662 833 καὶ
681 770 716 834 ἐκ
735 775 874 849 χρηεμοθ
893 769 1019 848 ἠκηκόει
1038 769 1087 834 ότι
1106 773 1337 851 φονευθήεεται
1358 769 1427 850 ὑφ’

246 856 321 921 ἑνὸε
349 856 488 944 αὐτῶνῑ)
517 866 548 922 et
575 864 739 923 clausulam
767 859 863 923 αὐτὸς
891 861 927 923 δὲ
958 861 1112 938 κρατήεαε
1140 864 1195 938 τῆε
1224 859 1330 938 χώρας
1360 857 1425 939 ἀφ’

247 946 364 1011 ἑαυτοῦ
392 949 467 1011 robe
495 948 700 1012 ἐνοικοῦντα(
724 949 875 1012 Δαναοὺε
904 947 1070 1026 ὠνόμακεν
1096 953 1129 1012 iu
1152 952 1351 1012 bibliothecae
1374 971 1424 1012 co-

247 1039 360 1099 dicibus
384 1040 486 1100 deesse
510 1040 601 1100 etiam
624 1041 774 1102 Robcrtus
798 1042 923 1102 mir-etus
946 1042 992 1100 est
1012 1035 1043 1116 [l.
1063 1060 1086 1100 c.
1106 1062 1134 1118 p.
1155 1044 1195 1102 29
1212 1038 1282 1118 sq.]:
1311 1040 1424 1100 adden·
1513 1045 1514 1048 ’

247 1128 318 1187 dum
332 1131 399 1187 erat
412 1129 609 1206 veriloquium
623 1131 708 1190 navis
728 1125 985 1204 πεντηκοντόρου
1004 1129 1036 1188 in
1054 1130 1166 1190 scholio
1184 1132 1303 1190 tantum
1319 1134 1425 1190 extare
1513 1191 1514 1202 q

245 1217 327 1278 ναῦν
350 1217 477 1292 πρῶτα(
501 1215 706 1279 κατεκκεύατε
734 1217 801 1294 τὴν
830 1218 1033 1294 κληθεῐεαν
1056 1215 1105 1278 ὼε
1129 1214 1292 1280 ἀπὸτοῦ
1316 1213 1423 1294 ἀριθ·

247 1306 317 1380 μοθ
340 1305 415 1367 τῶν
437 1305 660 1382 θυγατέρων
684 1304 801 1368 αὐτοῦ
820 1304 1139 1382 πεντηκόντορον.
1177 1308 1262 1378 Quod
1277 1308 1425 1368 scholium
1513 1325 1514 1346 ι

247 1392 271 1455 Β
296 1397 358 1455 103
387 1395 586 1456 bibliothecae
613 1397 677 1456 loco
706 1395 750 1473 [ll
776 1401 809 1473 1,
833 1394 866 1472 3]
894 1397 1015 1456 brevius
1043 1400 1089 1456 est
1115 1416 1176 1456 non
1202 1416 1340 1474 urgeam,
1369 1397 1424 1456 sed
1513 1377 1514 1444 i

246 1485 337 1544 etiam
373 1483 404 1542 in
433 1503 466 1544 eo
494 1486 636 1562 leguntur
668 1503 743 1560 quae
775 1485 806 1544 iu
838 1485 1019 1545 bibliotheca
1051 1487 1171 1546 desunt:
1211 1479 1331 1562 Ἄργον
1362 1482 1423 1546 τὸν
1513 1557 1514 1564 ,

245 1567 414 1647 πανόπτην
443 1571 682 1648 καλούμενον
711 1571 843 1649 ἐπειδὴ
871 1571 964 1634 κατὰ
992 1571 1137 1635 παντὸε
1160 1575 1226 1634 τοῦ
1250 1571 1423 1649 cepero(
1513 1579 1514 1650 ἴ

246 1655 353 1736 εἶχεν
381 1657 605 1738 ὀφθαλμούς
632 1681 727 1739 neque
756 1663 860 1724 scholii
883 1661 907 1724 Β
931 1666 1003 1724 494
1021 1665 1156 1723 clausule
1179 1684 1215 1723 ex
1237 1664 1422 1740 Apollodoro

247 1747 307 1826 [ΙΙΙ
330 1753 363 1827 4,
389 1748 422 1826 2]
452 1752 600 1829 descripta
634 1769 699 1812 esse
727 1754 828 1829 putari
859 1756 978 1828 potest.¹
1015 1753 1079 1812 Iam
1107 1753 1133 1812 si
1163 1755 1335 1829 reputatum
1363 1753 1424 1812 erit

245 1859 359 1899 morem
382 1840 475 1900 fuisse
499 1842 725 1901 scholiasturum
748 1842 982 1920 Byzantinorum
1003 1842 1111 1919 quippe
1135 1841 1187 1918 qui
1208 1841 1423 1901 bibliothecam

245 1929 396 1988 mentibus
416 1930 576 2007 oribusque
595 1949 712 2007 semper
730 1933 875 2007 tenerent,
899 1935 934 1991 ut
957 1931 1076 1990 scholiis
1099 1932 1136 1989 ad
1160 1931 1316 1991 historiam
1334 1931 1423 1990 fabu-

244 2018 339 2078 larem
361 2018 580 2094 pertinentibus
608 2019 644 2078 de
668 2038 722 2080 suo
746 2021 948 2079 adscriberent
972 2019 1081 2079 similia
1104 2020 1183 2096 apud
1204 2019 1421 2096 Apollodorum

244 2098 357 2188 tradii)
384 2125 481 2184 neque
507 2109 685 2185 neglegstur
718 2108 837 2168 scholiis
870 2108 931 2167 illis
963 2110 1067 2184 utpote
1100 2127 1135 2168 ex
1170 2109 1315 2169 similibus
1343 2127 1423 2169 com-

244 2196 360 2271 pendiis
384 2195 540 2273 descriptis
564 2217 653 2274 saepe
672 2217 739 2257 cum
761 2198 943 2258 bibliotheca
961 2198 1025 2256 fere
1045 2197 1143 2256 omnia
1161 2199 1329 2258 communia
1347 2217 1423 2274 esse,

244 2285 289 2344 ite
311 2285 365 2344 has
390 2285 622 2362 subscriptiones
643 2291 724 2346 ortas
748 2305 812 2348 esse
835 2286 989 2364 putaveris
1012 2291 1047 2346 ut
1069 2287 1267 2364 Byzantinum
1292 2287 1423 2364 aliquem
1513 2303 1514 2306 ’

244 2374 420 2450 Apollodori
437 2394 546 2434 nomen
559 2376 728 2452 adpinxisse
743 2377 870 2436 conicias
886 2376 1063 2452 ubicumque
1078 2376 1188 2436 similia
1207 2377 1285 2453 apud
1300 2376 1422 2452 Apollo-

245 2463 351 2523 dorum
383 2463 444 2540 legi
475 2465 667 2524 meminisset.
718 2461 856 2525 Profecto
893 2466 949 2524 hoc
986 2465 1094 2524 accidit
1120 2465 1150 2523 in
1183 2466 1273 2524 schol.
1307 2464 1332 2526 A
1358 2467 1420 2525 195

245 2553 297 2612 ubi
319 2551 504 2628 ineptissime
527 2554 716 2630 explicationi
740 2554 918 2631 allegoricae
938 2553 1135 2614 subscribitur
1153 2550 1173 2628 ἡ
1194 2549 1314 2628 ἱετορὶα
1334 2549 1422 2628 παρὰ

245 2635 482 2721 Ἀπολλοδώρῳ
503 2639 538 2703 ἐν
562 2640 680 2722 πρώτῳ
706 2641 749 2720 [3,
765 2640 807 2720 6].
841 2642 981 2702 Ceterum
994 2645 1030 2701 ut
1043 2641 1241 2702 bibliothecae
1254 2661 1364 2706 nomen
1377 2643 1422 2703 ita

245 2729 335 2789 etiam
349 2731 443 2791 uerba
458 2731 577 2791 scholiis
591 2732 687 2791 inlate
701 2752 719 2791 a
733 2733 905 2809 Byzantinis
921 2751 987 2792 esse
1001 2733 1093 2808 siquis
1111 2731 1274 2808 putaverit,
1292 2750 1352 2791 non
1371 2751 1418 2791 re·

244 2817 400 2896 fragabor,
423 2821 510 2879 modo
528 2818 673 2880 'teneatur
696 2840 771 2898 quae
794 2820 975 2898 compendiis
999 2839 1111 2896 quaeue
1139 2813 1197 2897 ipsi
1220 2820 1420 2881 bibliothecae

244 2909 431 2968 vindicentur
449 2909 623 2969 difficillime
641 2909 768 2970 discerni
787 2910 1015 2986 cautissimeque
1038 2909 1098 2968 illis
1118 2909 1236 2970 scholiis
1245 2910 1291 2969 *in
1312 2909 1419 2970 biblio-

244 2998 332 3057 theca
347 2998 529 3058 emendanda
539 3003 569 3058 et
583 2999 757 3076 corrigenda
772 3019 836 3060 esse
851 2999 1003 3058 utendum.
1028 2999 1163 3075 Denique
1178 2998 1323 3075 siquidem
1339 3003 1421 3058 recte

245 3089 281 3146 de
297 3087 564 3162 subscriptionibus
583 3088 720 3164 iudicavi,
739 3093 896 3148 moneatur
912 3105 1033 3148 necesse
1049 3090 1170 3148 nonest
1187 3106 1225 3146 ne
1240 3107 1276 3147 ex
1290 3107 1324 3147 eo
1342 3088 1421 3146 falsa

243 3176 459 3236 concludantur
481 3176 559 3252 quod
582 3176 730 3236 Helleuici
753 3173 986 3254 Apollodorique
1008 3177 1129 3236 nomina
1151 3177 1183 3236 in
1201 3175 1416 3252 subscriptione

246 3265 336 3326 schol.
361 3263 383 3324 Β
399 3267 463 3325 494
487 3265 643 3325 coniuncta
667 3269 745 3326 sunt.
782 3265 842 3324 Vbi
860 3264 1035 3342 Apollodori
1053 3284 1162 3326 nomen
1180 3265 1350 3341 adpositum
1369 3267 1416 3324 est

244 3353 322 3430 quod
346 3353 450 3413 Cadmi
472 3355 575 3414 fabule
599 3355 661 3414 sive
684 3357 807 3415 narrata
830 3355 978 3414 simillime
999 3358 1045 3414 est
1068 3359 1157 3431 atque
1180 3355 1212 3414 in
1234 3354 1416 3415 bibliotheca

245 3444 308 3502 sive
335 3445 423 3502 aucte
450 3461 486 3502 ex
513 3461 548 3502 ea
579 3444 645 3520 ipsa
672 3446 703 3503 et
734 3444 927 3520 interpoleta3
964 3437 1112 3503 Hellanici
1143 3445 1348 3504 testimonium
1381 3463 1417 3502 ex

245 3552 303 3608 quo
327 3531 431 3591 scholii
456 3533 520 3591 loco
543 3533 606 3593 sive
635 3533 796 3608 superstite
824 3532 886 3592 sium
914 3533 1080 3608 intercepto
1107 3533 1138 3591 in
1169 3533 1418 3612 subscriptionem

245 3622 378 3681 delatum
402 3621 450 3697 sit,
471 3639 595 3697 prorsus
619 3627 665 3682 est
688 3623 842 3681 incertum.
873 3622 921 3681 Ne
944 3624 1046 3682 temen
1067 3625 1228 3698 postrema,
1252 3642 1328 3701 quae
1351 3642 1418 3683 cum

245 3711 425 3770 bibliotheca
451 3729 557 3785 parum
580 3711 782 3787 consentiunt,
811 3711 964 3771 Hellenico
992 3707 1180 3771 vindicentur
1211 3714 1313 3774 obstat
1340 3712 1418 3788 quod

244 3799 295 3859 ille
329 3800 364 3858 de
398 3798 502 3858 Cadmi
534 3819 624 3859 uxore
655 3819 778 3876 prorsus
810 3799 870 3858 alia
907 3799 1032 3860 tradidit
1062 3802 1099 3860 cl.
1132 3800 1222 3861 schol.
1255 3803 1311 3877 Ap.
1344 3802 1417 3877 Arg.

335 3976 404 4038 Nou
432 3977 535 4038 eadem
563 3997 610 4039 res
643 3968 689 4039 est
716 3978 752 4038 in
780 3978 896 4056 Dictyis
929 3977 1193 4057 Lycophronisque
1226 3975 1416 4038 testimoniis.

249 4065 314 4139 Quo
334 4085 392 4127 uno
412 4066 518 4146 Dictys
536 4068 708 4129 nominatur
731 4068 843 4128 scholio
866 4065 891 4130 A
911 4069 984 4144 108,
1008 4069 1051 4129 ibi
1069 4088 1145 4129 unus
1164 4087 1200 4128 ex
1223 4086 1258 4127 eo
1277 4065 1415 4142 desump-

244 4160 295 4218 tus
318 4159 365 4218 est
387 4157 484 4220 locus:
516 4154 568 4219 διὰ
595 4155 633 4219 τὸ
661 4157 815 4235 φονεθεαι
844 4153 944 4219 αὐτὸν
973 4156 1032 4235 τὴν
1054 4153 1144 4234 ἱερὰν
1167 4150 1243 4230 αἶγα
1266 4152 1325 4232 τὴν
1347 4171 1415 4231 τρε·

246 4259 459 4270 finano-*—

320 4292 340 4365 ¹)
359 4289 435 4359 Ques
458 4290 631 4362 praecedunt
653 4289 762 4364 inepta:
785 4296 858 4362 πλὴν
881 4293 943 4349 evoe
966 4296 984 4362 ἢ
1008 4297 1083 4348 δυεῖν
1107 4291 1151 4347 διὰ
1173 4294 1232 4347 τῶν
1255 4290 1417 4360 θυγατέρων

245 4361 343 4434 ducite,
357 4365 393 4420 ab
409 4363 564 4421 editoribus
583 4363 683 4421 addita
696 4383 757 4422 esse
771 4364 909 4422 videntur.
944 4364 984 4422 cf.
996 4365 1027 4420 A.
1042 4362 1183 4419 Ludwich.
1197 4362 1229 4418 in
1241 4363 1312 4420 Mus.
1327 4362 1414 4419 Rhen.

246 4436 349 4498 XXXll
366 4452 393 4512 p.
414 4443 517 4510 θθθιη.
536 4465 571 4481 -
591 4435 613 4512 ¹)
632 4435 671 4496 Of.
692 4433 789 4495 scholi.
809 4433 893 4510 soph.
912 4436 978 4495 Ant.
997 4441 1050 4495 θθθ
1067 4429 1147 4494 Pind.
1166 4432 1247 4494 Nem.
1267 4432 1293 4493 X
1313 4442 1371 4494 114.
1513 4423 1514 4448 ¹
