3086 5124
200 214 267 280 432
627 211 772 266 Eduardus
791 211 945 266 Schwartz:

200 382 410 460 Pelopidarum
427 381 570 460 gregibus
588 380 755 441 immissum
770 399 834 440 esse
848 383 883 439 ut
897 381 1017 441 sceleris
1035 384 1153 456 epatre
1171 381 1202 440 in
1216 381 1264 440 dei
1281 382 1376 442 filium

200 472 351 532 commissi
374 489 485 548 poenas
509 470 614 530 darent
637 470 692 528 filii
713 474 903 546 nepotesque.
912 463 935 552 ¹)

289 561 357 621 Non
381 561 540 637 scriptores
563 559 615 619 sed
642 558 771 636 pictores
798 578 866 618 cum
888 558 1020 619 Homero
1048 563 1260 636 comparantur
1285 560 1375 620 schol.

337 733 582 813 Ἀπολλόδωροε
597 732 821 812 ὁεκιαγράφοε
835 734 984 799 ἐντεῦθεν
999 737 1127 812 πρῶτος
1141 732 1264 814 ἔγραψε
1279 737 1377 800 πῖλον

336 822 485 889 Ὀδυεεεῑ.
516 821 593 887 άλλῗ
621 823 679 887 οὐκ
701 823 741 902 ήν
765 822 866 888 αὐτοῦ
888 824 908 902 ἡ
931 822 1177 902 περικεφαλαία,
1206 823 1316 889 κοινόν
1341 845 1376 890 τε

337 915 411 976 πᾶει
434 913 472 976 τὸ
495 911 581 990 ἔχειν
605 910 754 995 <πῑλον>.

202 1005 246 1068 Cf.
270 1005 485 1066 Aristonicum:
520 1000 569 1065 ὅτι
597 1003 635 1065 τὸ
658 1002 768 1064 κοινὸν
795 1000 847 1064 καὶ
879 999 1071 1080 ευμβεβηκόε
1104 1005 1173 1065 ταῑε
1201 1022 1376 1083 περικεφα-

203 1092 305 1157 λαίαιε
334 1090 482 1156 εἰπόντος
509 1094 568 1155 τοῦ
596 1094 730 1168 ποιητοῦ
758 1088 925 1168 Ζωγράφοι
953 1091 1004 1153 καὶ
1032 1089 1166 1154 πλάεται
1190 1090 1297 1156 πιλίον
1320 1094 1377 1157 έπ-

201 1182 315 1246 έθεεαν
339 1185 385 1263 τῷ
409 1177 559 1244 Ὀδυεεεῑ.

289 1274 386 1332 Multo
409 1272 558 1332 difficilior
580 1291 628 1332 res
651 1275 698 1331 est
720 1271 752 1330 in
775 1270 921 1348 Odyssiae
944 1271 1063 1331 scholiis
1091 1271 1200 1349 quippe
1228 1274 1280 1333 nbi
1308 1293 1375 1334 cau·

202 1362 245 1422 tio
265 1363 305 1423 sit
324 1381 362 1422 ne
380 1361 542 1424 Aristonici
561 1361 703 1437 reliquiae
718 1379 786 1420 cum
804 1360 891 1420 huius
914 1361 1034 1437 generis
1058 1360 1177 1422 scholiis
1196 1363 1376 1422 confunden-

202 1457 261 1512 tur.
292 1450 371 1512 Satis
394 1451 488 1528 igitur
510 1450 606 1510 haheo
630 1469 665 1509 ea
688 1449 826 1510 attulisse
850 1468 927 1526 quae
949 1449 1119 1511 Aristonico
1143 1451 1236 1510 tribui
1259 1452 1378 1513 omnino

203 1560 263 1601 non
285 1543 420 1617 possunt.
573 1599 575 1602 .

290 1630 457 1690 Paeeonem
489 1629 612 1688 deorum
644 1628 791 1687 medicum
823 1628 861 1686 ab
893 1628 1036 1704 Apolline
1071 1627 1217 1707 distingui
1248 1630 1379 1691 voluisse

201 1719 411 1780 Aristarchum
435 1717 527 1778 trudit
550 1717 738 1779 Aristonicus
763 1712 815 1792 [ad
838 1713 859 1776 Ε
879 1715 973 1793 898];
997 1711 1046 1777 ὅτι
1070 1713 1180 1792 ἰατρὸν
1206 1718 1272 1779 τῶν
1295 1718 1379 1780 θεῶν

205 1805 317 1882 ἕτερον
332 1803 419 1882 παρὰ
432 1803 490 1868 τὸν
505 1801 694 1868 Ἀπόλλωνα
708 1800 903 1880 παραδίδωει
923 1806 1047 1867 τοῦτον.
1073 1805 1219 1868 Similiter
1236 1811 1271 1867 ut
1288 1827 1379 1886 supra

203 1897 293 1958 schol
312 1893 342 1957 Ψ
362 1899 423 1957 679
446 1897 494 1969 [cf.
513 1915 541 1972 p.
562 1893 632 1972 29],
656 1896 721 1956 loco
740 1894 889 1954 Hesiodeo
914 1896 1094 1954 sententiam
1117 1896 1258 1957 firmabat
1279 1917 1378 1975 gram·

204 1986 343 2046 maticns:

337 2074 427 2134 schol.
451 2074 469 2133 δ
495 2076 556 2134 333
581 2067 716 2145 Παιήων
734 2069 842 2148 ἰατρὸτ
857 2072 941 2134 θεῶν
960 2067 1021 2145 οὐχ
1044 2067 1063 2130 ὁ
1082 2067 1179 2132 αὐτὸ(
1198 2073 1244 2153 τῷ
1263 2068 1378 2136 Ἀπόλ-

337 2163 415 2234 λωνι
445 2157 528 2224 ἀλλὰ
556 2160 794 2237 κεχωριεμένοε.
831 2157 919 2237 παρὰ
942 2157 1048 2236 μέντοι
1072 2160 1139 2221 τοῑε
1164 2160 1334 2238 νεωτέροιε
1359 2159 1377 2225 ὁ

337 2247 434 2312 αὐτὸ(
457 2247 616 2325 νομίζεται
644 2245 738 2311 είναι·
766 2247 817 2311 καὶ
843 2246 987 2312 Ἡείοδοε
1019 2247 1055 2310 δὲ
1084 2245 1201 2326 μάρτυε
1229 2248 1294 2312 ἐττὶ
1320 2253 1379 2314 τοῦ

336 2337 449 2416 ἕτερον
473 2333 553 2401 εἴναι
575 2337 634 2400 τὸν
656 2338 805 2415 Παιήονα
828 2341 887 2400 τοῦ
910 2334 1116 2401 Ἀπόλλωνα(
1139 2338 1259 2413 λέγων·

364 2425 391 2490 εἰ
415 2427 456 2505 μή
480 2423 648 2490 Ἀπόλλων
672 2427 792 2505 Φοῖβοτ
815 2423 895 2488 ὑπὲκ
918 2423 1071 2489 θανάτοιο
1096 2425 1211 2490 εαιίιεαι

364 2517 383 2596 ἢ
407 2515 465 2579 καλ
485 2515 633 2594 Παιήων,
657 2514 693 2579 δε
717 2511 870 2578 ἁπάντων
894 2512 1045 2592 φάρμακα
1069 2512 1165 2578 οἶδεν.

293 2607 353 2668 Suo
382 2627 466 2668 more
493 2627 554 2667 non
584 2607 657 2668 satis
689 2607 797 2667 habuit
826 2607 959 2667 novicios
987 2607 1149 2684 refutasse,
1178 2607 1229 2668 sed
1257 2611 1288 2668 et
1313 2607 1378 2686 ipse

104 2740 110 2751 .
202 2697 492 2774 mythographorum
515 2695 614 2773 copias
638 2697 781 2773 expilavit
803 2696 834 2755 in
860 2695 1064 2772 disputatione
1086 2695 1123 2756 de
1146 2696 1357 2757 Philomelida:

339 2787 431 2847 schol.
447 2785 465 2845 δ
481 2788 544 2846 343
564 2783 647 2845 τινὲε
665 2783 724 2845 τὸν
737 2780 930 2860 Πάτροκλον
948 2781 1099 2859 ήκουεαν·
1119 2783 1303 2861 Φιλομήλα(
1317 2782 1378 2861 γὰρ

337 2871 377 2950 ἦν
399 2870 477 2936 uide.
500 2869 575 2935 orire
599 2871 635 2934 δὲ
650 2869 714 2934 ἀπὸ
735 2869 851 2948 μητρὸε
870 2871 908 2933 τὸ
926 2871 1022 2944 γένοε
1039 2869 1182 2949 Ὅμηροε
1201 2871 1379 2950 εχηματίζει

336 2958 411 3025 οὔτε
435 2959 465 3024 οἱ
487 2959 640 3039 Ἕλληνες
663 2961 800 3038 ήτθηεαν
823 2957 863 3022 ἂν
885 2957 1078 3036 Πατρόκλου
1101 2959 1305 3038 ήττηθέντοε·

416 3069 509 3131 πᾶειν
532 3066 593 3145 γὰρ
616 3065 765 3131 ἐπίετατο
789 3064 929 3144 μείλιχα(
953 3063 1032 3130 εἶναι
1058 3065 1095 3143 [Ρ
1120 3068 1208 3145 67η.

336 3171 412 3237 ἀλλ’
432 3170 527 3236 οὗτοι
548 3174 690 3252 βαειλεὺτ
714 3171 761 3237 ὢν
780 3172 901 3250 Λέεβου
919 3173 994 3236 τοὺ(
1014 3171 1187 3250 παριόντα(
1207 3170 1251 3236 εἰ(
1273 3171 1379 3252 πάλην

336 3261 442 3326 ἐκάλει
470 3262 520 3325 καὶ
543 3264 618 3325 τοὺ(
643 3261 799 3339 Ἕλληνα(
825 3262 861 3325 δὲ
884 3262 1182 3339 προεορμιεθέντατ·
1206 3260 1246 3325 ὃν
1268 3259 1377 3327 'Oooc-

272 3414 275 3420 .
337 3352 407 3414 τεὺε
424 3351 475 3413 καὶ
489 3351 652 3430 Διομήδη(
672 3352 952 3429 δολοφονήεαντεε
975 3350 1033 3413 τὸν
1055 3348 1163 3429 τάφον
1187 3349 1287 3416 αὐτοῦ
1306 3372 1379 3415 κατ-

338 3438 480 3515 αγώγιον
503 3441 605 3503 Ξένων
629 3439 795 3518 ἐποίηεαν,
819 3439 863 3503 ὼε
885 3437 1067 3503 Ἑλλάνικόε
1091 3435 1228 3526 φηειν.’)

292 3533 338 3590 Ex
360 3531 460 3591 verbis
489 3527 634 3606 Χαρίτων
659 3527 732 3606 μίαν
752 3526 962 3605 ὁπλοτεράων
983 3529 1025 3608 [Ξ
1046 3531 1123 3609 267]
1148 3533 1294 3594 conclusit
1311 3533 1378 3593 Ari-

205 3620 341 3680 starchus
356 3619 521 3679 Homerum
534 3620 593 3680 duo
607 3639 718 3697 genera
737 3619 909 3679 Gratiarum
928 3614 1118 3703 statuisse³);
1142 3642 1160 3681 a
1182 3623 1378 3700 grammatico

204 3728 283 3769 nova
306 3710 483 3769 documenta
504 3709 768 3786 conquirebantur:

338 3797 428 3858 schol.
457 3800 474 3858 θ
499 3801 563 3859 364
591 3795 746 3872 παρθένοι
778 3792 829 3855 καὶ
856 3794 986 3857 οὐδέπω
1013 3794 1222 3875 γεγάμηνται·
1250 3795 1289 3860 οὐ
1316 3795 1378 3875 γὰρ

337 3885 375 3962 δὴ
407 3882 426 3946 ὁ
455 3883 631 3962 ’Ἠφαιετοτ
663 3883 722 3945 δύο
756 3877 821 3958 εἶχε
854 3886 1020 3958 γυναῖκας·
1053 3882 1129 3948 ἀλλ’
1160 3885 1236 3948 οὐδὲ
1268 3884 1329 3963 γάρ
1360 3883 1379 3949 ὁ

335 3971 461 4036 Ὕπνοε
475 3973 571 4051 ήλαεε
589 3973 649 4050 τήν
662 3971 838 4037 Παειθέαν
857 3969 995 4049 ήρμοετο
1012 3973 1176 4052 γὰρπαρὰ
1193 3978 1250 4050 τῆ(
1267 3973 1377 4053 Ἣραε.

279 4112 298 4181 ¹)
316 4109 407 4166 Notue
418 4111 462 4164 est
474 4109 553 4164 locus
567 4107 712 4178 Euripidis
724 4107 826 4180 [Orest.
837 4115 889 4164 985
900 4127 941 4176 eq.
953 4112 1048 4182 rulth
1064 4110 1114 4164 sed
1128 4109 1214 4165 etiam
1227 4110 1379 4180 Sophocles

204 4183 330 4238 fabulam
349 4179 614 4262 commemorabant.
634 4179 676 4236 El.
697 4186 803 4262 πάντα.
824 4213 857 4222 -
879 4181 900 4250 ²)
917 4179 1024 4235 Eadem
1043 4181 1135 4236 adecri
1155 4183 1186 4236 ta
1204 4183 1269 4236 sunt
1286 4182 1380 4238 versui

203 4260 299 4323 p134.
337 4252 495 4308 Patroclum
526 4251 699 4308 Philomelae
724 4252 813 4306 filium
836 4251 908 4306 dicit
928 4252 1031 4322 Hygin,
1055 4252 1112 4306 fab.
1135 4199 1320 4309 hxmvlr.
1344 4286 1380 4296 —

205 4325 225 4395 ³)
252 4326 295 4379 ὅτι
324 4326 381 4382 δύο,
400 4325 516 4389 γενέτειε
541 4325 668 4393 Χαρίτων
695 4325 856 4380 ὑποτίθεται
877 4324 1060 4393 πρετβιιτέρατ
1083 4327 1127 4379 καί
1156 4326 1307 4396 νεωτέρας·
1335 4327 1379 4381 διὸ

204 4401 379 4465 ειιγκριτικιῑιε
397 4397 469 4463 λέγει
488 4397 669 4467 ὁπλοτεράων
689 4396 826 4469 [Ariston.
845 4395 882 4450 ad
899 4397 924 4452 Ξ
942 4395 1017 4467 adl}
