3086 5124
221 251 288 315 406
652 247 797 302 Eduardus
817 246 970 329 Schwartz:
1053 271 1055 276 ’

358 404 448 478 schol.
473 415 492 478 Γ
517 419 581 477 250
605 416 715 475 ALdD
739 414 838 492 μήτηρ
861 410 1016 490 Πριάμου,
1040 409 1085 473 ὥς
1109 430 1184 488 φηςι
1206 407 1396 487 Πορφύριος

359 503 464 585 ἐντῷ
488 502 561 580 περὶ
583 505 649 565 τῶν
672 503 977 579 παραλελειμμένων
1004 503 1061 582 τῷ·
1078 504 1192 582 ποιητῇ
1216 495 1394 576 ὀνομάτων,

356 591 437 655 κατὰ
468 591 526 669 μὲν
553 588 712 669 Ἀλκμᾶνα
739 591 797 654 τὸν
826 589 1001 669 μελοποιὸν
1029 587 1210 665 Ζευξίππη,
1246 586 1326 650 κατὰ
1357 586 1394 648 δὲ
1475 642 1479 648 .

356 678 542 744 Ἑλλάνικον
566 679 711 758 (τρυμιύ,
735 677 866 757 (κὰμων
890 680 926 742 δὲ
950 679 1055 760 ἐντῷ
1079 677 1151 755 περὶ
1175 676 1295 757 Λέςβου
1320 674 1395 756 φηςὶ

358 768 493 833 Θόωςαν
516 770 574 847 τὴν
598 768 750 846 Τεύκρου.
1053 840 1056 847 ,

225 880 263 940 cf.
287 880 376 939 schol.
400 875 429 938 Υ
454 881 516 938 237
541 878 569 935 V
593 873 627 938 ἐκ
650 873 811 953 (τρυμούς
834 871 1129 964 τῆςΕκαμάνδρου.
1238 945 1242 950 ,

360 985 450 1044 schol.
471 982 490 1044 Γ
511 986 575 1044 314
596 983 706 1043 ALdD
729 981 918 1059 Πορφύριος
942 981 978 1044 ἐν
1000 984 1069 1044 τοῖς
1092 978 1397 1057 παραλελειμμένοις

360 1071 455 1149 φηςὶν
493 1068 542 1133 ὅτι
578 1070 637 1132 τὸν
668 1069 804 1148 Ἕκτορα
836 1067 1041 1136 Ἀπόλλωνος
1074 1067 1145 1132 υἱὸν
1182 1066 1397 1145 παραδίδωςιν

361 1157 482 1240 Ἴβυκος
503 1157 714 1237 Ἀλέξανδροι
738 1157 907 1237 Εὐφορίων
930 1157 1110 1237 Λυκόφρων
1134 1155 1237 1240 [265].
1512 1217 1513 1238 ,

352 1251 452 1311 schol.
476 1248 496 1310 Γ
511 1253 574 1312 325
599 1252 626 1310 Α
649 1246 838 1329 Πορφύριός
868 1266 963 1326 φηςιν
985 1247 1123 1325 ἱςτορεῑν
1145 1247 1203 1309 τὸν
1226 1243 1399 1324 γράψαντα
1512 1239 1513 1264 ’

362 1336 403 1422 τὰ
425 1336 675 1419 τραγῳδούμενα
698 1334 748 1400 ότι
772 1335 790 1399 6
814 1337 936 1415 θρέψαι
954 1336 1012 1400 τὸν
1030 1334 1135 1413 Πάριν
1154 1336 1269 1414 νομεὺς
1288 1336 1309 1414 †
1327 1331 1398 1411 Ἀρ-

361 1423 474 1504 χιάλας
497 1425 653 1490 ἐκαλεῖτο.

362 1536 453 1598 schol.
477 1531 503 1596 0
528 1537 591 1596 333
616 1535 644 1592 V
667 1531 700 1596 ἐξ
725 1529 911 1610 Ἀλκιμάχης
937 1536 993 1610 τῇς
1022 1529 1172 1596 Φυλάκου
1199 1531 1240 1610 ἦν
1268 1528 1287 1593 δ
1315 1527 1426 1606 Αἴας,Ι
1512 1555 1513 1566 ¹

362 1620 407 1686 ὥς
430 1641 506 1700 φηςι
523 1619 713 1699 Πορφύριος
736 1621 772 1684 ἐν
795 1625 842 1704 τῷ
864 1621 1048 1704 καταλόγῳ·
1072 1617 1157 1684 ἀλλ’
1180 1618 1224 1684 οὐ
1239 1637 1399 1697 ςυμφω-
1497 1637 1513 1704 ,ι

362 1713 421 1774 νεῑ
443 1715 494 1794 τῷ
518 1715 668 1793 ποιητῇ·
700 1707 923 1788 Ἐριώπιδος
946 1708 1016 1788 γάρ
1046 1729 1137 1789 φηςι
1162 1709 1230 1773 τὸν
1258 1705 1400 1771 Αἴαντα

269 1829 271 1835 ·
363 1799 403 1878 [Ν
430 1805 492 1864 ουτ
518 1798 544 1863 0
569 1799 658 1880 sset

228 1910 297 1969 huic
335 1909 446 1969 scholio
480 1909 623 1983 altorum,
656 1908 735 1984 quod
771 1929 813 1968 vs.
849 1911 912 1970 336
946 1909 1130 1984 adscriptum
1167 1912 1227 1985 est,
1264 1906 1400 1984 quamvis
1491 1933 1493 1939 ·

229 2001 318 2076 plura
333 1999 461 2058 nomina
484 1996 631 2073 exhibeat,
655 1997 729 2056 adeo
754 1998 850 2056 simile
874 2002 920 2058 est
943 2000 979 2057 ut
996 1997 1157 2074 Porphyrii
1179 1997 1273 2057 verba
1295 1996 1402 2054 melius

230 2087 273 2148 ihi
296 2091 416 2148 servata
438 2105 504 2146 esse
526 2103 563 2147 ea
586 2087 779 2146 similitudine
802 2087 867 2148 veri
895 2087 1057 2148 conicictur
1079 2105 1169 2162 quam
1191 2086 1224 2144 iu
1242 2086 1289 2146 his
1312 2085 1402 2144 rebus

215 2164 371 2253 'consequi
392 2175 475 2236 licet:

231 2283 321 2342 schol.
356 2278 382 2343 0
415 2284 479 2342 336
508 2282 536 2339 V
567 2275 708 2355 ὁμοίως
742 2281 793 2360 τῷ
829 2283 966 2362 ποιητῇ
997 2277 1059 2342 καὶ
1087 2277 1304 2342 Ἑλλάνικος
1336 2277 1403 2354 τὴν

231 2366 414 2446 Ἐριώπην
438 2367 580 2445 μητέρα
604 2363 765 2433 Αἴαντός
794 2386 891 2446 φηςι.
937 2367 1118 2446 Φερεκύδης
1141 2368 1176 2432 δὲ
1210 2368 1247 2431 ἐν
1270 2366 1403 2447 πέμπτῳ

231 2457 282 2521 καὶ
307 2457 455 2520 Μναςέας
478 2455 514 2519 ἐν
537 2461 556 2534 ῆ
581 2452 781 2534 Ἀλκιμὰχην·
806 2455 824 2518 6
853 2457 889 2519 δὲ
917 2459 983 2520 τῶν
1009 2457 1251 2524 Ναυπακτικῶν·
1271 2455 1404 2532 ποιητὴς

233 2545 394 2624 διώνυμον
417 2544 517 2623 αὐτήν
540 2561 629 2624 φηςι·
720 2587 724 2594 -

402 2652 460 2730 τὴν
483 2649 529 2714 δέ’
544 2647 616 2729 μέθ’
639 2647 823 2728 ὁπλοτάτην
845 2648 1003 2730 Ἐριιύπην
1027 2649 1232 2730 ἐξονόμαζεν·

404 2737 595 2818 Ἀλκιμὰχην
618 2740 653 2803 δὲ
678 2742 781 2820 πατήρ
804 2760 839 2804 τε
863 2741 914 2804 καὶ
936 2737 1095 2819 Ἄδμητος
1118 2741 1295 2806 καλέεςκεν.

269 2839 274 2850 '
314 2929 316 2934 Ι
367 2850 458 2910 schol.
482 2867 492 2909 ι
518 2853 579 2935 197
606 2844 728 2932 Μάρων
756 2845 917 2911 Εὐάνθους
945 2845 1026 2911 υἱός·
1059 2846 1079 2911 6
1109 2849 1145 2920 δὲ
1169 2845 1310 2925 Εὐάνθης
1338 2843 1407 2908 υἱὸς

367 2934 538 3000 Διονύςου.
584 2939 663 3015 γυνὴ
690 2934 852 3014 Μάρωνος
875 2933 1028 3014 Ὀιδέρκη,
1052 2934 1097 3002 ὡς
1119 2936 1317 3016 Πορφύριας.

322 3047 431 3107 Velox
448 3046 494 3106 his
509 3047 643 3124 reliquiis
661 3045 841 3124 perspicitur
854 3047 1020 3124 Porphyrio
1034 3048 1111 3108 hanc
1129 3047 1281 3120 dochinus
1300 3044 1410 3103 molem

233 3156 294 3198 uon
320 3155 386 3196 esse
412 3135 574 3212 propriam.
610 3137 699 3212 Apud
723 3135 939 3212 Apollodorum
966 3154 1083 3212 quoque
1114 3134 1344 3212 discrepantiam
1371 3132 1408 3192 de

234 3225 347 3286 Priami
369 3227 465 3286 matre
488 3225 622 3286 exhiberi
652 3224 711 3302 [ΙΙΙ
737 3229 786 3301 12,
811 3227 845 3301 3,
875 3223 908 3302 8]
933 3225 982 3284 vel
1009 3225 1040 3284 iu
1063 3224 1181 3284 Paridis
1204 3223 1308 3284 fabulo
1330 3222 1410 3286 idom

237 3315 367 3392 pastoris
395 3333 503 3374 nomeu
530 3315 610 3374 tradi
640 3313 700 3391 [HI
725 3317 778 3389 12,
807 3316 841 3391 5,
865 3311 898 3390 4]
923 3317 1092 3390 praetorem
1125 3314 1178 3372 sed
1210 3310 1410 3372 certissimum

237 3405 448 3466 documentum
471 3405 518 3462 est
540 3403 745 3480 Lycophronis
774 3403 908 3464 scholion
935 3403 971 3462 de
999 3401 1130 3462 Hectore
1160 3401 1188 3460 ei
1214 3401 1272 3478 ipsi
1298 3400 1409 3476 versui,

141 3511 143 3515 ·
236 3513 324 3570 quem
346 3491 532 3568 Porphyrius
555 3491 662 3568 adfert,
685 3492 868 3568 oppositum:
893 3485 1081 3564 (τηςίχορος
1104 3487 1140 3550 δὲ
1164 3487 1216 3552 καὶ
1239 3485 1407 3566 Εὐφορίων

236 3578 294 3643 τὸν
316 3575 452 3655 Ἕκτορά
475 3596 571 3656 φαςιν
600 3575 682 3642 εἶναι
705 3577 776 3641 υἱόν
803 3581 861 3641 τού
889 3574 1096 3640 Ἀπόλλωνος
1123 3575 1175 3640 καὶ
1199 3573 1408 3653 Ἀλέξανδρος

237 3666 256 3731 6
279 3667 431 3732 Αἰτωλῶν
460 3663 634 3750 ποιητήςῑ)
679 3669 820 3730 Ceterum
847 3669 882 3730 cl.
911 3668 1013 3729 scholl.
1037 3665 1058 3728 Γ
1082 3665 1197 3730 2500
1222 3668 1407 3731 333nesoi0

237 3779 276 3820 an
293 3760 396 3819 libello
416 3759 600 3838 Porphyrius
618 3758 803 3835 inscripserit
826 3751 1005 3829 κατάλογος
1028 3756 1094 3818 τῶν
1113 3755 1201 3834 παρὰ
1222 3758 1269 3838 τῷ
1292 3758 1407 3836 ποιητῇ

237 3845 541 3924 παραλελειμμένων
564 3842 743 3923 ὀνομάτων.

327 3927 474 4009 Quoniam
503 3937 597 4015 igitur
626 3937 658 3998 in
688 3935 808 3997 scholiis
838 3931 959 4012 reperta
989 3939 1059 3996 sunt
1088 3935 1152 3996 eius
1182 3935 1253 3995 libri
1281 3933 1410 4012 vestigio

237 4046 325 4106 quem
344 4026 533 4104 grammatici
554 4046 615 4086 uon
637 4027 756 4086 aliunde
780 4025 935 4086 novissent
958 4025 1009 4084 sed
1031 4025 1090 4101 ipsi
1112 4024 1321 4101 compilarent,
1345 4023 1409 4084 eius
1512 4085 1513 4104 ,

238 4116 413 4177 memoriam
431 4115 574 4176 acerrime
597 4120 687 4192 atque
710 4116 790 4175 bono
807 4134 860 4191 spe
877 4113 1113 4191 persequendam
1131 4132 1197 4173 esse
1215 4113 1410 4190 intellegitur.
1512 4111 1513 4140 Γ

314 4288 333 4358 ¹)
352 4286 495 4342 Firmatur
519 4301 681 4353 consensus,
708 4284 732 4338 si
755 4283 910 4355 Porphyrio
936 4283 1115 4338 adiudicatur
1140 4282 1228 4337 schol.
1253 4284 1276 4337 Ω
1300 4288 1352 4337 259
1371 4281 1410 4337 V:
1512 4293 1513 4298 ’

240 4359 404 4441 Ετηςίχορας
434 4359 609 4414 ’Λπόλλωνος
641 4359 728 4413 αὐτόν
758 4374 842 4426 φηςιν
874 4357 908 4410 οὐ
935 4357 1037 4424 νοήςαε
1063 4358 1116 4424 τὴν
1144 4357 1308 4424 ὑπερβολήν.
1351 4355 1411 4410 Ηοο
1512 4357 1513 4412 ἴ

239 4433 335 4486 tamen
353 4448 383 4484 m
402 4428 489 4485 dubio
507 4429 725 4498 relinquendum
744 4445 806 4483 esso
824 4426 900 4480 iufra
919 4424 1075 4495 apparebit.
