3086 5124
237 233 278 287 De
298 232 413 287 scholiis
431 231 587 288 Homericis
608 231 644 286 sd
662 195 810 286 historiam
828 229 985 286 fabulsrem
1003 228 1219 300 pertinentibus.
1252 227 1315 294 451

144 396 180 462 δὲ
217 396 291 461 θεόε
327 393 418 459 εἶπεν
455 395 543 480 αὐτῷ
653 394 755 477 λάθρᾳ
765 395 800 458 δέ
813 394 929 473 μητρόε
942 394 993 458 καὶ
1004 394 1126 472 πατρὸε
1140 395 1319 474 πορεύομαι

142 485 187 551 εἰε
223 487 282 564 τὴν
323 484 461 563 πατρίδα
502 486 542 564 μὴ
649 483 797 549 Πυθῶδε.
816 483 866 548 καί
878 481 1067 562 μ’ὁΦοῖβοτ
1082 480 1128 548 ῶν
1136 485 1194 563 μὲν
1206 483 1318 563 ἱκόμην

142 573 346 653 πορεύεεθαι·
382 574 440 637 τὸν
485 575 543 653 μὲν
650 571 761 650 ἄτιμον
780 573 969 650 ἐξέπεμψεν,
992 570 1075 636 ἄλλα
1094 570 1128 636 h'
1146 571 1240 638 ἄθλια

141 662 204 741 γὰρ
252 663 375 740 πατέρα
425 662 542 742 φονεύ·
653 663 702 726 καὶ
710 661 800 726 δεινὰ
808 661 1002 740 καὶδύετηνα
1011 661 1202 740 προύφηνεν
1213 663 1318 737 λέγων

143 771 221 830 τειν,
248 756 286 835 τῇ
313 752 348 814 δέ
376 752 468 830 μητρὶ
497 772 543 830 μι-
575 759 634 817 791
653 751 697 814 oc
716 751 807 829 μητρὶ
828 751 885 828 μὲν
905 749 992 828 χρείη
1012 771 1050 828 με
1075 756 1269 829 μιχθῆναι..

140 842 296 920 γήεεεθαι.
326 844 425 905 τοῦτο
448 839 542 905 ἀκού·
575 841 638 905 793
654 841 775 920 φονεὺτ
804 837 837 903 δ’
865 838 991 917 ἐεοίμην
1019 842 1077 902 τοῦ
1101 840 1320 919 φυτεύιαντοε

143 948 198 994 coc
238 929 289 993 καὶ
332 929 471 1007 νομίζων
512 929 545 995 ἐξ
1045 927 1178 1006 πατρόε·

144 1016 192 1082 ῶν
226 1019 358 1094 ἐλέγετο
394 1023 545 1097 γεγεννῆ-
654 1015 742 1093 κάγὼ
762 1016 942 1082 ἐπακούεαε
956 1021 1057 1081 ταῦτα
1073 1018 1132 1096 τὴν
1153 1016 1319 1095 Κορινθίαν

1030 1103 1132 1184 χθόνα

142 1114 212 1173 εθαι
233 1105 386 1185 Κόρινθον
406 1108 463 1186 μὲν
487 1105 545 1171 ἀπ·
655 1155 983 1171 .......

142 1198 261 1262 έλιπεν.
558 1157 639 1284 ίῖθθ
656 1194 807 1274 ἔφευγον.

141 1340 305 1402 Praeterea
341 1342 482 1402 extremis
513 1342 713 1403 bibliothecae
744 1342 844 1402 verbis
880 1340 985 1418 Oedipi
1014 1339 1136 1401 Colonei
1165 1361 1322 1419 argumen-

143 1433 209 1490 tum
236 1429 413 1492 continetur.
450 1431 516 1490 Iam
534 1432 727 1492 conferantur
753 1451 828 1508 quac
854 1431 886 1490 in
907 1431 1088 1491 bibliotheca
1119 1430 1156 1489 de
1189 1431 1321 1510 Sphinge

145 1517 363 1596 Oedipodisque
386 1519 489 1580 liberis
514 1521 696 1580 adnotentur
719 1539 787 1582 cum
810 1520 928 1580 scholiis
952 1519 1196 1580 Phoenisscrum:

257 1644 330 1704 bibl.
353 1643 402 1703 111
425 1645 454 1719 5,
478 1646 551 1720 ηρ
1264 1719 1267 1722 ,

189 1727 313 1807 ἔπεμψε
337 1728 399 1807 γὰρ
421 1729 505 1807 Ἥρα
529 1727 662 1808 (φίγγα,
751 1734 840 1795 schol.
866 1753 907 1794 vs.
935 1735 1019 1793 1760
1043 1727 1161 1808 ἱετορεῑ
1183 1730 1320 1796 Πείταν-

705 1823 781 1898 hooc
811 1817 860 1882 ὅτι
891 1818 971 1883 κατὰ
1001 1817 1102 1896 χόλον
1133 1823 1189 1898 τῆ(
1220 1820 1322 1898 ‘'l-loce

705 1908 853 1987 ἐπέμφθη
867 1908 997 1986 ἡίφὶγξ
1007 1911 1076 1971 τοῑτ
1090 1907 1241 1987 Θηβαίοις
1255 1906 1321 1972 ἀπὸ

704 2001 771 2060 τῶν
789 1995 933 2074 ἐτχάτων
951 1999 1058 2075 μερῶν
1081 2002 1137 2074 τῆε
1156 1995 1320 2062 Αἰθιοπία(

705 2085 754 2149 ὅτι
777 2086 835 2149 τὸν
856 2085 954 2149 Λάιον
977 2083 1173 2164 ἀεεβήταντα
1196 2085 1241 2149 εἰ(
1259 2086 1318 2149 τὸν

705 2173 895 2252 παράνομον
913 2172 1019 2251 ἔρωτα
1041 2177 1099 2237 τοῦ
1124 2174 1319 2252 Χρυείππου,

705 2263 745 2326 ὃν
776 2263 917 2341 ἥρπαεεν
941 2260 1005 2325 ἀπὸ
1037 2266 1094 2341 τῆ(
1120 2262 1228 2342 Πίτηε,
1259 2262 1320 2327 οὐκ

705 2351 949 2432 ἐτιμωρήταντο.

188 2440 207 2518 ἣ
232 2438 349 2518 μητρὸε
376 2438 434 2516 μὲν
462 2436 602 2518 Ἐχίδνηε
629 2438 678 2518 ἦν,
753 2447 836 2505 1019
855 2441 875 2519 ἡ
895 2441 931 2504 δέ
946 2439 1044 2519 (φὶγξ
1064 2440 1200 2516 γέγονεν
1219 2437 1316 2519 Ἐχίδ-

144 2527 266 2606 πατρὸε
289 2528 326 2591 δέ
349 2527 516 2606 Τυφῶνοε,
705 2549 762 2609 νηε
785 2531 836 2592 καὶ
859 2530 1026 2608 Τυφῶνοε.

189 2615 255 2695 εἶχε
279 2617 314 2681 δὲ
338 2615 513 2694 πρόςωπον
540 2617 599 2695 μὲν
622 2637 677 2692 γυ·
750 2625 791 2682 45
816 2620 874 2696 τὴν
903 2619 939 2682 δὲ
967 2617 1093 2696 (τρίγγα
1121 2616 1152 2681 οἱ
1180 2619 1238 2695 μέν
1267 2620 1318 2684 λέ-

145 2703 261 2783 ναικόε,
294 2709 407 2784 ετῆθοε
435 2706 470 2770 δὲ
506 2705 557 2769 καί
591 2703 678 2784 βάτιν
705 2727 815 2783 γουτιν
838 2705 924 2785 ἐχειν
947 2705 1121 2785 πρόκωπον
1145 2709 1317 2786 παρθένου,

144 2794 196 2857 καὶ
224 2793 326 2872 οὐρὰν
358 2794 492 2858 λέοντοε
524 2794 574 2858 καὶ
602 2795 677 2859 πτέ·
706 2801 818 2875 ττῆθοε
833 2797 867 2859 δὲ
882 2795 1199 2874 καὶπόδαελέοντοτ,
1216 2798 1319 2876 πτερὰ

144 2903 244 2961 ρυγαε
266 2881 394 2960 ὄρνιθοε
417 2931 424 2945 .
448 2931 486 2946 ..
706 2887 741 2948 δὲ
770 2883 897 2964 ὄρνιθα(
924 2933 931 2948 .
956 2933 994 2948 ..
1022 2882 1251 2964 Ἀεκληπιὰδηε
1284 2887 1319 2950 δὲ

188 2971 406 3051 ἐχρηεμοῡδὲ
418 2970 678 3050 Θηβαίοιεὺπὰρ-
706 2975 791 3049 λέγει
814 2975 890 3037 τοὺ(
909 2972 1068 3052 Θηβαίου(
1087 2972 1133 3037 εἰ(
1151 2974 1318 3053 ἐκκληςίαν

144 3081 260 3140 χοντοτ
288 3063 460 3139 τηνικαῦτα
491 3057 678 3138 ἀπαλλαγή·
706 3060 779 3126 καθ’
807 3060 940 3140 ἑκὰττην
973 3061 1170 3140 ἀθροίζεεθαι
1201 3063 1253 3126 διὰ
1280 3065 1319 3128 τὸ

145 3156 248 3214 τετθαι
275 3154 331 3229 τῆ(
355 3149 496 3229 (φιγγόε
511 3148 616 3226 Ιἡνίκα
639 3148 679 3212 ἂν
706 3150 891 3228 δυεαίνιγμα
905 3155 961 3229 τῆε
971 3149 1118 3229 (φιγγόε.
1135 3149 1246 3227 λόγιον
1255 3152 1318 3232 γὰρ

144 3237 182 3302 τὸ
213 3237 341 3317 αἴνιγμα
372 3239 494 3318 λύτωει,
518 3236 678 3302 ευνιόντετ
705 3240 745 3320 ἦν
765 3239 874 3303 αὐτοῑε
897 3240 937 3317 μὴ
957 3238 1234 3319 ἀπαλλαγήεεεθαι
1252 3245 1319 3307 τῶν

51 3359 55 3364 -
146 3325 190 3391 εἰε
208 3326 306 3390 ταύτὸ
325 3327 479 3391 πολλάκι(
498 3328 631 3407 ἐζήτουν
649 3325 678 3391 τί
706 3331 811 3393 κακῶν
835 3328 910 3406 πρὶν
933 3326 973 3392 ἂν
1000 3329 1076 3392 τοὺ(
1098 3333 1154 3407 τῆ(
1177 3329 1319 3408 (ιριγγὸε
1347 3368 1349 3374 ,

145 3416 183 3478 τὸ
207 3413 383 3493 λεγόμενόν
406 3417 498 3480 ἐττιν.
536 3416 619 3481 ἐπὰν
642 3417 678 3480 δὲ
706 3417 833 3481 λύεειαν
870 3417 1039 3495 χρηεμοιίε,
1068 3415 1167 3481 ὁπότε
1205 3420 1241 3482 δέ
1278 3420 1318 3498 μὴ

145 3504 185 3582 μὴ
210 3503 391 3582 εὑρίικοιεν,
423 3504 588 3583 ἁρπάεαεα
621 3505 679 3569 ἕνα
706 3506 853 3584 ευνίοιεν,
867 3504 1021 3584 ἁρπάζειν
1037 3505 1137 3585 αὐτὴν
1151 3504 1263 3572 ὅντινα
1277 3507 1317 3572 ἂν

144 3592 381 3672 κατεβίβρωεκε.
708 3596 856 3675 βούλοιτο
880 3598 946 3658 τῶν
969 3597 1121 3659 πολιτῶν.

190 3688 209 3746 5
233 3683 367 3745 πολλῶν
387 3682 423 3745 δέ
445 3679 678 3761 ἀπολλυμένων
750 3683 948 3763 ἁρπαεθῆναι
967 3685 1004 3748 δέ
1023 3703 1119 3762 φατιν
1144 3683 1203 3748 ὑπ’
1222 3684 1319 3765 αὐτῆς

144 3770 196 3834 καὶ
212 3771 451 3835 τὸτελευταῖον
466 3770 602 3849 Αίμονοε
620 3777 678 3836 τοῦ
705 3774 827 3853 Αἵμονα
849 3774 907 3837 τὸν
933 3774 1088 3851 Κρέοντοε
1112 3777 1219 3836 παῖδα.

147 3860 302 3938 Κρέοντοε
325 3908 333 3925 .
356 3909 363 3922 .
388 3888 420 3923 .·
754 3863 839 3928 1760
871 3861 902 3925 οἱ
933 3863 992 3940 τὴν
1025 3860 1212 3926 Οἰδιποδίαν
1242 3861 1319 3941 γρά·

706 3970 825 4029 ιροντεε
859 3949 978 4033 [οὐδεὶς
1015 3948 1101 4013 οὕτω
1139 3950 1214 4030 φηεὶ
1247 3953 1320 4030 περὶ

518 4073 534 4116 0
705 4045 762 4118 τῆ(
786 4038 953 4121 (φιγγὸτ];

772 4126 848 4192 ἀλλ’
870 4127 915 4192 ἔτι
934 4127 1102 4192 κάλλιετόν
1120 4149 1154 4192 τε
1179 4129 1230 4192 καί
1254 4129 1317 4207 ίμε-

962 4218 1135 4295 ροέετατον
1159 4216 1267 4282 ἄλλων

772 4310 872 4370 παῖδα
891 4305 989 4385 φίλον
1006 4306 1172 4385 Κρείοντος
1196 4305 1314 4387 ἀμύμο·

963 4414 1019 4460 νοτ
1042 4395 1163 4473 Αἵμονα
1186 4401 1266 4463 δῖον.
