3086 5124
263 218 330 282 456
690 220 838 276 Eduardus
858 222 1012 278 Schwartz:

184 460 188 470 Ι
263 387 320 462 τῆ(
348 383 475 462 ἐρήμου.
517 382 590 447 κατ’
618 384 722 449 ἐκεῖνο
756 387 791 449 δὲ
825 391 935 466 καιροῦ
965 389 985 467 ἡ
1015 387 1139 468 βληθεὶς
1157 388 1218 467 γὰρ
1237 387 1317 468 παρ’
1335 389 1447 456 Ἱππο-

264 470 470 550 Ἱπποδάμεια
497 473 662 551 sescenta
691 474 855 552 Μυρτίλου
879 477 984 541 ἐδεῖτο
1013 477 1143 555 δαμείαε
1154 477 1198 541 ιδ(
1215 477 1330 557 βιὰζων
1341 483 1449 560 αὐτὴν

264 562 305 639 μὴ
329 560 504 639 ὑπεριδεῖν·
528 560 737 626 ἀντειπόντοτ
756 565 792 626 δὲ
812 564 911 633 αὐτοῦ
934 566 985 628 καὶ
1012 569 1040 644 ἢ,
1056 565 1101 630 ιδ(
1111 565 1142 630 οἱ
1152 567 1268 632 πολλοί
1278 587 1362 648 φατι,
1373 589 1449 634 πει-

264 653 322 713 τοῦ
349 651 502 714 Πέλοπος
530 653 794 730 παραγενομένου
824 653 940 731 φθάνει
965 655 985 733 ἡ
1013 653 1118 732 ράῑαιν
1156 655 1256 735 αὐτὴν
1298 657 1448 736 ῥίπτεται

263 737 468 817 Ἱπποδάμεια
488 741 727 819 κατηγορήταεα
747 745 804 805 τοῦ
820 743 984 821 Μυρτίλου
1012 743 1100 822 παρὰ
1117 745 1271 810 Πέλοπος
1295 747 1368 825 περὶ
1393 748 1449 811 Γε·

264 826 309 891 ὼ(
343 829 531 907 βιαεαμένου
570 828 678 907 αὐτήν.
738 831 789 894 καὶ
822 831 985 909 Μυρτίλον
1013 833 1141 911 ραιετὸν
1164 831 1447 913 ἀκρωτήριον...

264 917 381 994 Πέλοψ
413 915 478 981 ἀπὸ
510 921 567 981 τοῦ
600 917 740 996 ἅρματος
770 917 847 983 ὠθεῖ
875 920 919 984 εἰ(
947 922 985 985 τὸ
1013 919 1078 984 δδὲ
1086 923 1106 985 Γ
1108 923 1249 1000 εραιετόε
1259 921 1447 989 ἀποθανόν-

265 1006 406 1082 πέλαγος
426 1055 432 1070 .
454 1055 460 1069 .
481 1056 487 1069 .
507 1005 583 1071 ὅθεν
601 1007 639 1070 τὸ
659 1007 716 1085 μὲν
735 1009 877 1084 πέλαγοτ
898 1011 984 1088 Μυρ-
1012 1029 1067 1074 roc
1095 1011 1161 1076 ἐκεῖ
1189 1015 1246 1079 τοῦ
1278 1013 1446 1091 Μυρτίλου

263 1098 351 1177 τῷον
374 1092 439 1159 ἀπὸ
464 1095 627 1173 Μυρτίλου
651 1145 711 1161 ...
1014 1100 1174 1183 Μυρτῷον
1198 1102 1340 1177 πέλαγος
1359 1101 1447 1166 ὠνο-

1014 1185 1151 1272 pecul)

352 1294 436 1354 Nihil
458 1294 552 1372 igitur
574 1293 671 1370 magis
694 1295 858 1355 cavendum
882 1300 927 1356 est
951 1297 1043 1374 siquis
1066 1298 1140 1357 haee
1162 1300 1274 1359 scholia
1297 1302 1447 1360 tractabit

264 1401 354 1460 quam
382 1403 420 1442 ne
448 1387 559 1444 temere
589 1383 723 1460 singulus
751 1384 891 1460 cuiusque
920 1385 1023 1445 scholii
1049 1391 1154 1447 auctor
1181 1389 1345 1464 statuatur;
1369 1389 1446 1448 olim

263 1473 394 1550 plurima
412 1492 448 1531 er
471 1471 679 1532 diversissimis
704 1473 898 1548 scriptoribus
922 1474 953 1532 in
974 1474 1155 1550 compendiis
1178 1478 1447 1552 componebantur,

263 1565 330 1620 tum
352 1562 448 1639 magis
471 1561 628 1638 magisque
651 1561 682 1619 in
705 1581 795 1620 unam
818 1566 907 1638 atque
931 1563 1099 1623 continuam
1127 1565 1262 1640 quamvis
1285 1566 1444 1624 confusum

263 1651 467 1710 narrationem
500 1649 787 1710 contaminabantur.
834 1651 976 1721 Quamvis
1008 1656 1110 1712 autem
1137 1671 1205 1712 raro
1231 1653 1371 1713 acciderit
1404 1658 1442 1713 ut

265 1743 495 1816 cognosceretur
522 1758 558 1798 ex
586 1757 644 1815 quo
667 1739 809 1799 thesauro
836 1741 937 1801 variae
961 1742 1031 1800 illae
1058 1742 1229 1802 fabularum
1251 1743 1365 1804 formae
1389 1743 1441 1800 de·

265 1832 402 1905 sumptae
426 1832 457 1888 et
480 1829 630 1888 conlectae
654 1827 722 1904 sint,
745 1833 847 1887 tamen
865 1830 914 1888 vel
939 1849 976 1888 ex
1000 1849 1083 1890 mera
1108 1831 1276 1892 coniectura
1301 1831 1338 1890 de
1363 1831 1442 1890 eius·

215 1920 218 1925 ’
264 1918 345 1978 modi
359 1918 537 1994 cogitaveris
555 1917 641 1976 libris
655 1918 758 1992 quales
772 1917 934 1993 Dionysius
949 1918 1165 1995 Scytobrachio
1178 1922 1229 1982 vel
1242 1920 1444 1997 Lysimachus

337 2124 356 2193 ¹)
383 2122 490 2178 Scholii
517 2121 631 2177 initium
654 2124 814 2193 corruptum
838 2125 894 2178 est:
926 2138 977 2193 pro
1002 2125 1090 2180 Κύλαν
1114 2123 1194 2195 legas
1219 2125 1326 2191 Κίλλον;
1354 2125 1444 2180 verba

264 2197 294 2250 ἐν
313 2196 413 2264 Λέεβῳ,
433 2211 505 2262 quae
523 2212 597 2248 nunc
616 2211 699 2248 sensu
718 2198 821 2261 carent,
843 2194 911 2249 olim
930 2193 1008 2249 dicta
1025 2195 1139 2250 fuerunt
1156 2198 1192 2251 de
1210 2196 1322 2266 Pelopis
1341 2196 1445 2266 auriga

265 2265 315 2334 qui
333 2265 418 2320 Lesbi
436 2268 555 2320 mortem
575 2265 654 2320 obiit.
687 2266 775 2334 Atqui
798 2283 862 2320 cum
881 2266 967 2320 schol.
987 2269 1009 2321 Α
1028 2273 1062 2324 38
1080 2268 1151 2322 λαυρ
1170 2269 1268 2322 fabula
1288 2270 1442 2334 enarretur,

265 2339 413 2406 praeterea
431 2353 518 2405 equos
533 2354 551 2391 a
563 2337 696 2406 Neptuno
710 2337 809 2406 Pelopi
827 2338 910 2392 datos
929 2354 990 2392 esse
1009 2355 1043 2392 ex
1057 2339 1157 2392 eodem
1170 2339 1287 2393 Pindari
1304 2339 1367 2394 loco
1385 2338 1442 2410 [Ol.

265 2409 383 2479 lesse]
397 2410 482 2480 atque
491 2407 522 2462 in
532 2407 640 2478 scholio
655 2407 843 2477 Apolloniano
853 2409 989 2476 tradatur,
1005 2409 1099 2463 nescio
1110 2427 1146 2463 an
1155 2411 1231 2464 certe
1246 2409 1343 2477 aliqua
1356 2409 1441 2462 huius

270 2473 372 2533 scholii
394 2497 459 2549 pars
484 2477 697 2549 e'compendiis
722 2479 871 2535 derivetur.
909 2480 1059 2534 Praeterea
1081 2496 1143 2533 com
1163 2479 1255 2533 endiis
1273 2479 1441 2533 vindicandi

269 2552 335 2604 sunt
357 2550 436 2604 locus
454 2550 573 2605 Diodori
594 2550 657 2622 [ΙΠΙ
676 2552 721 2622 73]
755 2550 917 2620 Hyginique
946 2550 1044 2604 fabula
1069 2550 1092 2604 11
1221 2594 1228 2606 .
1260 2549 1344 2620 Apud
1373 2549 1440 2604 Dio·

268 2621 461 2690 dorumenim
480 2624 592 2691 praeter
611 2621 755 2676 oraculum
774 2622 965 2690 Oenomaique
988 2621 1184 2676 condicionem
1206 2621 1326 2676 redeunt
1344 2637 1441 2674 cursus

266 2691 393 2748 termini:
412 2695 583 2761 ὑπεετήτατο
602 2697 633 2748 δὲ
651 2694 836 2762 ἱπποδρομίαν
855 2695 909 2748 ἀπὸ
928 2700 979 2761 τῆ(
996 2695 1082 2762 Πίεηε
1101 2696 1179 2762 μέχρι
1197 2694 1334 2748 τουκατά
1349 2695 1442 2761 Κόριν-

265 2770 316 2820 θον
336 2767 438 2831 Ἰεθμοίλ
456 2766 528 2833 πρὸ(
549 2766 600 2818 τὸν
620 2766 714 2831 βωμὸν
732 2771 783 2819 τοι)
802 2767 977 2819 Ποεειδῶνοε
995 2781 1047 2818 nec
1066 2763 1193 2834 singulas
1237 2781 1289 2819 uae
1309 2766 1442 2818 secuntur

265 2833 446 2891 condiciones
470 2852 487 2890 a
511 2834 684 2904 compendiis
713 2835 816 2889 afuisse
841 2851 874 2889 ex
898 2850 931 2887 eo
955 2834 1078 2888 conicias
1103 2836 1179 2903 quod
1251 2834 1307 2890 olio
1331 2833 1440 2904 Euripi-

264 2906 316 2961 deo
339 2906 445 2978 partim
468 2907 595 2961 servatae
619 2908 696 2960 sunt:
721 2906 755 2961 cf.
780 2923 844 2959 eum
867 2904 907 2959 eis
932 2922 1004 2974 quae
1029 2923 1113 2976 supra
1131 2905 1267 2976 exscripsi
1285 2905 1441 2960 Diodorou:

262 2981 313 3033 τὸν
337 2981 497 3045 Οἰνόμαον.
514 3021 520 3032 .
536 3023 542 3034 .
556 3011 564 3032 -.
580 2981 689 3033 διώκειν
711 2980 762 3032 τὸν
787 2983 928 3046 μνηετῆρα
951 2981 1053 3045 ἔχοντα
1076 2981 1145 3047 δόρυ
1165 3021 1192 3035 ..
1213 2979 1236 3033 εί
1261 2981 1291 3033 δ’
1314 2977 1439 3045 ἐφίκοιτο

262 3054 426 3117 καταλαβεῖν
444 3051 478 3103 τδ
497 3051 666 3117 διωκόμενον
690 3051 771 3118 ἅρμα,
794 3051 908 3104 τύπτειν
936 3056 977 3120 τῷ
1006 3052 1102 3119 δόρατι
1125 3053 1170 3104 καλ
1198 3049 1365 3116 διαφθείρειν
1389 3048 1439 3101 τὸν

264 3126 414 3190 μνηετήρο.
452 3117 579 3188 Denique
602 3119 753 3188 utrubique
778 3119 877 3173 eadem
900 3122 944 3174 est
967 3119 1094 3174 clausula
1119 3119 1257 3188 siquidem
1281 3117 1311 3170 in
1330 3116 1436 3171 scholio

263 3209 314 3262 pro
339 3194 445 3259 Νὴεεαν
468 3194 521 3258 τὴν
547 3191 686 3259 Οἰνομάου
711 3192 846 3258 βαειλείαν
868 3190 1015 3261 reponitur
1036 3193 1133 3248 Πῖεαν.
1170 3186 1326 3258 In.Hygini
1345 3189 1439 3242 autem

263 3262 361 3316 fabula
378 3264 411 3315 ut
435 3261 529 3331 capita
551 3262 675 3316 humana
703 3279 786 3330 super
803 3262 901 3317 valvas
924 3261 979 3316 fixa
998 3279 1031 3316 ex
1050 3260 1187 3330 Sophocle
1207 3259 1356 3328 desumpta
1374 3262 1439 3313 sunt

266 3333 300 3390 cl.
320 3332 407 3414 solsol.
421 3333 500 3387 Pind.
516 3333 614 3388 Isthm.
629 3334 682 3388 llll
697 3340 739 3400 θλ,
758 3331 801 3388 ita
819 3336 1016 3404 argumentum
1030 3331 1165 3386 Oenomai
1182 3331 1359 3413 propositum
1378 3347 1436 3385 esse

263 3402 1435 3557 serserentes{ttnrlrsrecursantes

264 3547 375 3600 damme
403 3562 527 3600 amorem
554 3545 688 3615 Sophocli
714 3545 800 3602 fuisse
829 3547 973 3617 proprium
1003 3548 1171 3600 constater
1194 3547 1371 3616 Athenaeo[
1398 3545 1434 3599 111

263 3635 290 3700 p.
315 3619 388 3688 oet}
427 3616 565 3683 Quoniam
586 3617 716 3687 Myrtilus
740 3635 758 3672 a
780 3618 884 3688 Pelope
908 3620 1054 3688 corruptus
1078 3618 1154 3688 apud
1175 3616 1331 3672 Diodorum
1353 3615 1431 3682 redit

264 3688 320 3759 rpsi
334 3687 446 3770 Hygino
457 3690 550 3743 cetera
560 3688 617 3743 fere
628 3688 723 3743 omnia
733 3721 764 3730 —--
776 3690 920 3744 oraculum
930 3689 1059 3745 condicio
1074 3688 1210 3744 Oenomai
1229 3687 1302 3742 clavi
1315 3687 1346 3740 in
1358 3689 1432 3742 rotas

264 3778 321 3816 non
331 3759 452 3814 coniecti
457 3759 644 3829 Peloponnesi
652 3759 801 3829 imperium
812 3793 845 3802 -
856 3778 919 3816 cum
929 3759 1101 3831 compendiis
1112 3759 1272 3830 communia
1281 3759 1353 3823 sunt,
1360 3755 1431 3810 coni·

265 3831 308 3886 cio
322 3831 404 3886 illam
423 3847 534 3899 quoque
549 3848 663 3886 causam
676 3831 784 3902 Myrtili
797 3831 931 3901 perfidiae
946 3832 1015 3886 olim
1028 3831 1058 3886 in
1077 3829 1253 3901 compendiis
1271 3827 1431 3882 adnotatam

264 3903 359 3957 fuisse.
380 3902 461 3957 Certe
475 3919 547 3970 quae
562 3903 596 3957 de
610 3905 700 3957 morte
714 3902 829 3972 aurigae
843 3902 942 3956 habet:
963 3903 1097 3973 ‘Pelops
1116 3921 1188 3956 eum
1206 3897 1431 3980 Hippodamia

265 3976 298 4030 et
320 3973 463 4043 Myrtilo
487 3973 617 4027 domum
640 3974 753 4029 victor
775 3991 847 4028 cum
873 3973 1005 4027 rediret
1029 3973 1202 4045 cogitarit
1224 3969 1292 4024 sibi
1316 3985 1430 4038 oppro-

264 4044 375 4100 brium
398 4045 549 4098 futurum
572 4046 606 4099 et
627 4045 767 4115 Myrtilo
791 4043 896 4099 fidem
913 4047 1092 4114 praestare
1110 4042 1225 4099 noluit
1242 4057 1382 4108 eumque
1400 4039 1432 4093 in

264 4115 711 4244 serenitates
724 4111 1432 4257 n¹ntristantesrenus

266 4262 318 4316 ὑπ’
336 4261 424 4315 αὐτοῦ
441 4261 658 4328 προδοθὴεεεθαι
675 4261 722 4315 ἵνα
741 4264 777 4329 μὴ
797 4260 897 4316 ἐξείποι
916 4262 959 4314 ὅτι
978 4262 1062 4316 αὐτὸ(
1080 4257 1185 4324 ἐνίκηεε
1210 4259 1253 4310 καί
1277 4258 1310 4310 οὐ
1329 4257 1431 4322 Πέλοψ.

266 4333 293 4386 ol
311 4333 342 4387 δὲ
361 4333 404 4388 ὅτι
423 4333 492 4398 μετὰ
509 4335 562 4399 τὴν
580 4331 659 4400 νίκην
679 4334 717 4387 ιλ(
730 4332 814 4399 φίλον
828 4334 1028 4398 τυλλαβόμενοε
1040 4331 1091 4383 τὸν
1105 4327 1247 4395 Μυρτίλον
1266 4327 1431 4396 ἐξεδίφρευιε

266 4405 457 4472 ζηλοτυπὴεο(
475 4403 513 4457 εί(
531 4405 728 4470 Ἱπποδάμειαν.
