3086 5124
208 247 274 313 416
635 247 780 302 Eduardus
801 246 954 302 Schwartz:

343 417 434 478 schol.
465 416 489 479 Ν
514 418 556 478 45
580 416 608 473 V
635 412 705 477 ἐπεῖ
737 411 817 491 ὑπὲρ
846 409 1017 491 Ἀχιλλέως
1045 409 1117 475 κατ’
1144 365 1388 500 ’Λγαμέμνονος

344 504 451 581 μέλλει
475 504 590 581 λέγειν,
614 502 694 581 πρὸς
717 502 754 565 τὸ
778 506 980 579 πιςτευθήναι
1000 499 1157 579 Κάλχαντι
1180 498 1326 572 εἴκαςταῖ.
1349 501 1381 566 οἱ

344 593 379 654 δὲ
394 589 442 656 ὅτι
458 590 476 655 ὁ
491 593 623 670 ποιήςας
636 592 674 655 τὸ
689 591 725 656 ἐν
739 588 854 673 Εὐβοίᾳ
868 590 956 668 ἱερὸν
972 587 1155 667 Κάλχαντος
1175 587 1318 668 ἀδελφὸς
1331 591 1379 670 ήν.

299 703 352 744 cur
375 685 502 744 Somnus
526 684 632 744 Lemni
653 688 800 744 moretur:

346 774 436 834 schol.
462 769 490 834 Ξ
516 777 577 834 231
603 774 631 832 V
655 770 796 850 φίλοινοι
824 762 885 848 χὰρ
908 767 953 832 ῶς
976 766 1135 844 ἀπόγονοι
1155 766 1300 833 Θόαντος
1323 773 1381 833 τοῦ

345 857 547 944 ΔιονύςουᾸ)
594 859 646 923 καὶ
673 857 798 922 Εάνςως
826 857 917 922 οίνον
947 857 1064 935 πέμπει
1092 856 1132 940 [Η
1157 863 1220 921 467
1244 857 1300 940 sq.]
1331 859 1382 921 καὶ

344 947 511 1013 Ὀδυςςεὺς
543 947 609 1012 ἀπὸ
641 949 777 1030 θρᾳκῶν
808 946 867 1012 τὸν
900 945 991 1012 οίνον
1024 947 1151 1024 δέχεται
1186 945 1209 1028 [ι
1236 953 1298 1012 196
1323 947 1380 1030 sq.]

344 1037 395 1101 καὶ
424 1036 455 1100 οἱ
488 1039 544 1101 ςὺν
570 1037 671 1119 Ῥήςῳ
694 1036 884 1115 κοιμώμενοι
909 1034 1106 1121 ἀνῃρέθηςαν
1130 1035 1180 1099 καὶ
1198 1035 1234 1098 οἱ
1252 1035 1382 1115 Λήμνιοι
1435 1045 1437 1051 ’

346 1126 410 1190 ὑπὸ
428 1129 495 1192 τῶν
514 1129 688 1203 γυναικῶν·
711 1126 763 1189 καὶ
786 1125 817 1189 οἱ
840 1122 961 1203 Ἀχαιοὶ
984 1125 1020 1188 ἐν
1043 1124 1159 1206 Λήμνῳ
1182 1123 1307 1188 πίνουςι

513 1220 670 1294 κρητῆρας
693 1215 882 1293 έπιςτεφέας
905 1212 1008 1278 οἴνοιο
1033 1213 1074 1296 [Θ
1095 1214 1182 1293 232].
1248 1259 1250 1263 «

345 1307 365 1384 ἢ
389 1304 442 1368 διὰ
463 1305 625 1370 Παςιθέαν
648 1305 706 1382 τὴν
729 1298 898 1389 rossinol)
920 1301 1095 1381 Ἡφαίςτου
1118 1301 1268 1380 πάρεςτιν
1287 1303 1383 1367 αὐτὸς

347 1397 492 1472 λιπαρῶν
514 1397 624 1472 τυχεῖν
646 1398 702 1470 τῆς
726 1390 881 1471 ἀδελφῆς·
905 1393 943 1456 τὸ
971 1392 1006 1456 δέ
1036 1393 1186 1469 χαλκεῖον
1208 1391 1382 1470 Ἡφαίςτου

347 1485 383 1548 ἐν
406 1484 530 1565 Λήμνῳ.
559 1481 590 1545 οἱ
613 1483 648 1544 δὲ
672 1479 722 1545 ὅτι
745 1482 941 1561 Φιλοκτήτης
964 1481 1069 1544 ἐδεῖτο
1093 1479 1193 1544 αὐτὸν
1217 1479 1298 1545 εἰναι
1321 1481 1387 1546 ἐκεῖ

349 1572 400 1636 διὰ
419 1572 475 1636 τὰς
494 1570 621 1636 ὀδύνας.
649 1570 680 1634 οἱ
703 1572 738 1634 δέ
758 1571 794 1635 έκ
811 1570 909 1649 τύχης
931 1570 1201 1650 ςυντετυχηκέναι.
1244 1572 1327 1634 τινὲς
1352 1572 1387 1634 δὲ

349 1659 527 1742 γράφουςιν
747 1735 749 1740 ,
1142 1659 1151 1674 ¹

396 1751 561 1833 ἐρχομένῳ
585 1747 665 1814 κατὰ
688 1751 777 1829 φῖιλα
801 1752 926 1829 βροτῶν
949 1747 1005 1812 ἐπ’
1028 1747 1185 1827 ἀπείρονα
1207 1752 1316 1825 γαῖαν.Ι

273 1913 275 1918 .
348 1863 404 1921 BL
429 1856 614 1921 πολυοίνων
633 1854 739 1920 ὄντων
758 1856 809 1919 καὶ
828 1855 986 1935 φιλοίνων
1004 1858 1071 1919 τῶν
1093 1854 1240 1934 Λημνίων
1259 1855 1389 1920 είκότως

348 1947 447 2012 ἐκεῖςε
471 1944 623 2024 διατρίβει
647 1943 665 2008 ὁ
687 1944 822 2009 Ὕπνος.
851 1944 986 2022 καὶγὰρ
1010 1946 1115 2008 πολὺν
1143 1942 1269 2023 ἔχουςιν
1297 1943 1389 2009 οἶνον

348 2035 428 2100 ὥςτε
461 2034 512 2098 καὶ
539 2037 607 2098 τοῖς
633 2033 760 2112 (Ἐλληςι
788 2036 953 2112 χορηγεῖν·
976 2032 1113 2111 καὶγὰρ
1134 2033 1186 2097 καὶ
1209 2031 1240 2096 ol
1258 2033 1389 2113 Λήμνιοι

349 2122 414 2206 <ῶς
443 2121 494 2206 ol>
527 2127 640 2188 παῖδες
668 2121 829 2212 Αἰχύπτου
857 2120 921 2184 ὑπὸ
957 2123 1024 2184 τῶν
1058 2124 1219 2197 γυναικῶν
1251 2121 1303 2185 διὰ
1330 2123 1389 2200 τὴν

349 2214 475 2291 πολλὴν
507 2209 713 2290 ἀναιροῦνται
745 2209 904 2290 ἀκραςίαν.
943 2207 1036 2292 είωθε
1070 2211 1106 2273 δέ
1134 2209 1153 2274 ὁ
1179 2209 1304 2274 Ὕπνος
1337 2210 1390 2274 ἐπὶ

349 2300 472 2366 πάντας
495 2302 546 2365 καὶ
569 2303 692 2379 μᾶλλον
715 2301 768 2364 ἐπὶ
790 2300 866 2363 τοὺς
889 2299 1042 2377 μεθύςους
1065 2297 1281 2378 ἐνδιατρίβειν.

163 2467 167 2474 ,
217 2396 253 2459 cf.
285 2394 486 2472 Porphyrium
522 2391 626 2468 [schol.
655 2389 683 2454 Ξ
708 2395 771 2452 230
799 2388 884 2468 DL]:
923 2388 975 2452 διὰ
1009 2387 1106 2452 ποίαν
1142 2387 1245 2453 αἰτίαν
1282 2389 1318 2453 ἐν
1351 2394 1390 2473 τῇ

217 2482 332 2564 Λήμνῳ
349 2478 480 2559 μάλιςτα
495 2477 514 2541 δ
528 2477 653 2543 Ὕπνος
670 2477 832 2557 διατρίβει;
856 2476 972 2556 ῥητέον
989 2477 1048 2542 οὖν
1066 2475 1114 2540 ὅτι
1127 2478 1254 2556 Λήμνου
1274 2477 1332 2556 μέν
1350 2478 1390 2558 ἢν

219 2568 374 2647 δεςπότης
401 2568 590 2647 Ἥφαιςτος,
619 2569 699 2646 γυνὴ
728 2567 764 2629 δέ
796 2566 913 2630 τούτου
937 2565 1047 2646 Χάριςο
1077 2567 1237 2644 Παςιθέας
1270 2568 1306 2632 δέ
1334 2571 1390 2645 τῆς

220 2657 354 2738 Χάριτος
378 2655 521 2736 ἀδελφῆς
544 2657 703 2734 ἐρωτικῶς
726 2654 811 2734 ἔχων
836 2653 998 2720 ὁὝπνος
1025 2656 1091 2720 ἐκεῖ
1114 2656 1276 2736 διέτριβεν.
1314 2655 1390 2720 ταύ-

218 2768 277 2827 την
292 2747 351 2811 οὖν
370 2745 458 2829 αὐτῷ
477 2745 709 2822 ἐπαγγέλλεται
723 2748 859 2822 γυναῖκα
878 2745 992 2808 δῶςειν
1014 2745 1107 2824 Ἥρα,
1130 2745 1263 2810 δύναται
1284 2746 1319 2809 δέ
1339 2745 1390 2809 καὶ

220 2836 438 2916 φυςικῶτερον
458 2838 591 2913 λυθῆναι
610 2833 660 2898 ὅτι
679 2831 854 2913 οἰνοφόρος
877 2834 897 2912 ἡ
920 2834 1054 2914 Λῆμνος,
1078 2835 1183 2899 καθῶέ
1207 2836 1292 2911 λέγει

310 2947 384 3021 νῆες
404 2939 436 3004 δ’
456 2941 491 3006 ἐκ
509 2941 648 3020 Λήμνοιο
668 2941 867 3019 παρέςταςαν
886 2937 978 3004 οίνον
997 2937 1129 3018 ἀγουςαι
1155 2941 1193 3020 [Η
1214 2941 1303 3019 467].

93 3071 97 3078 ’
218 3053 287 3113 τοῖς
311 3050 346 3112 δὲ
370 3051 588 3112 πολυποτοῦςι
611 3045 743 3126 μάλιςτα
767 3045 786 3110 δ
809 3045 910 3111 ίίπνος
933 3047 1119 3125 παρέπεται.

220 3141 364 3219 volgaria
391 3145 422 3200 et
445 3139 604 3200 Homerica
627 3140 766 3215 redeunt,
795 3140 902 3200 desunt
928 3140 1057 3199 fabulae.
1109 3136 1249 3198 Ceterum
1275 3137 1391 3198 variam

219 3231 386 3306 lectionem,
409 3233 444 3289 ut
468 3249 558 3306 snpra
581 3230 671 3290 schol.
695 3226 720 3289 Α
743 3231 817 3305 400,
841 3229 940 3289 adfert
962 3226 1185 3304 grammaticus.

311 3320 348 3379 In
374 3319 478 3378 funere
506 3318 637 3379 Patrocli
663 3317 786 3378 Iunonis
813 3318 897 3378 iussu
924 3316 981 3375 Iris
1008 3317 1045 3384 cd
1075 3317 1182 3376 ventos
1210 3315 1330 3376 devolat
1356 3320 1392 3376 ut

222 3409 260 3468 ad
282 3408 415 3469 Patrocli
437 3427 544 3484 rogum
568 3411 745 3484 arcesseret3
772 3407 888 3468 invenit
910 3404 966 3464 dea
989 3408 1095 3464 ventos
1118 3404 1198 3482 opud
1221 3405 1391 3484 Zephyrum

223 3497 430 3573 convivantem
451 3497 503 3570 illi,
527 3500 562 3556 ut
585 3496 678 3573 decet,

737 3579 783 3644 ῶς
804 3578 877 3644 ἴδον
900 3578 1112 3657 ὀφθαλμοῖςιν

290 3671 409 3735 πάντες
431 3667 563 3749 ἀνήιξαν
586 3669 703 3735 κάλεόν
726 3671 760 3732 τὲ
785 3689 836 3747 μιν
860 3668 904 3733 εἰς
927 3669 943 3732 ἐ
967 3667 1096 3733 ἕκαςτος
1121 3668 1164 3751 [Ψ
1189 3676 1250 3735 202
1262 3671 1328 3749 sq.].

223 3782 295 3842 viris
319 3782 388 3841 vino
416 3781 608 3841 inflammatis
633 3780 719 3840 deam
744 3780 841 3838 visam
869 3797 933 3839 esse
960 3779 1093 3854 puellam
1121 3779 1194 3838 satis
1222 3780 1333 3839 bellam
1361 3783 1392 3840 et

223 3871 380 3931 iucundam
403 3869 508 3946 pudice
532 3869 656 3930 coniecit
678 3868 904 3945 grammaticus:

299 4006 317 4074 ¹)
336 4005 428 4060 Τλιοοι
444 4003 617 4074 Hypsipylae
635 4004 716 4073 pater
735 4001 838 4056 dicitur
856 4001 930 4056 filius
948 4001 1060 4058 Bacchi.
1093 4003 1132 4057 Vt
1149 4001 1322 4072 Hypsipylae
1340 4003 1393 4059 filii

223 4077 254 4131 in
277 4076 374 4131 fabula
395 4075 548 4146 Euripidae
570 4091 604 4129 ex
627 4073 680 4128 viti
703 4090 788 4128 aurea
812 4073 958 4129 aBaccho
978 4089 1031 4129 avo
1055 4073 1160 4128 donata
1183 4072 1394 4143 adgnoscuntur

225 4148 272 4274 kal.
292 4148 344 4218 frg.
361 4153 412 4202 755
427 4149 455 4202 et
469 4145 608 4201 Welcker.
623 4146 704 4216 Trag.
719 4164 745 4215 p.
761 4152 812 4201 559
828 4147 896 4218 sq.];
914 4148 1061 4216 praeterea
1079 4144 1113 4199 cf.
1130 4143 1209 4199 Ovid.
1225 4161 1267 4216 ep.
1283 4146 1393 4203 71114

243 4221 295 4273 tat.
318 4219 404 4274 Theb.
428 4219 454 4273 V
473 4225 533 4275 271.
558 4225 609 4273 712
639 4217 725 4273 schol.
749 4217 800 4288 Ap.
819 4221 886 4287 Arg.
906 4217 1015 4273 171997
1040 4215 1165 4288 [Diodor.
1186 4217 1210 4270 V
1231 4218 1276 4288 79]
1302 4217 1392 4288 Satyr.

224 4290 257 4344 lr.
276 4297 310 4345 21
332 4289 425 4362 [FHG
443 4291 482 4344 ΙΙΙ
499 4308 527 4360 p.
548 4291 619 4364 165].
641 4322 673 4332 -
694 4289 714 4360 ¹)
736 4289 873 4359 Corrupto
889 4290 961 4344 ¹sunt
983 4289 1053 4342 hacc
1075 4288 1210 4358 qnoniam
1232 4287 1323 4360 ipsam
1341 4290 1392 4346 Pe-

226 4361 347 4416 sitheam
370 4364 447 4416 amat
470 4361 596 4418 Somnus.
630 4362 759 4418 Fortasse
782 4364 857 4430 παρὰ
884 4368 919 4431 τή
942 4363 1051 4426 γυναικί
1075 4359 1254 4414 scribendum
1273 4365 1316 4417 cst
1338 4362 1391 4417 nisi

225 4436 316 4488 totam
334 4433 504 4488 sententiam
523 4432 677 4490 scholiasta
694 4431 838 4503 pervertit.
1314 4443 1319 4452 ’
1342 4469 1343 4474 κ
