3086 5124
226 277 292 340 444
411 307 421 328 ι
653 274 798 330 Eduardus
819 274 972 330 Schwartz:

227 445 353 504 Homeri
370 445 465 504 verba
483 443 611 504 πολιοῖο
632 439 740 504 λύκοιο
760 444 862 502 Peliae
876 444 979 503 fabula
992 443 1123 502 refertur
1139 441 1225 518 quasi
1239 441 1401 501 scholiasta

226 553 286 593 non
308 533 538 593 commentarios
557 533 748 608 compilasset
767 535 818 592 sed
837 533 930 592 libros
944 533 1083 608 volgares
1103 532 1298 608 omnibusque
1312 549 1400 607 para-

226 627 274 682 tos
297 623 525 699 perquisivisset
546 624 582 680 ut
600 639 773 698 quocunque
797 624 861 682 loco
884 622 988 680 liceret
1008 620 1143 695 exemplo
1162 620 1313 679 doctrinae
1331 640 1400 696 pro-

227 719 359 788 poneret.
408 711 473 770 Iam
495 711 558 770 fere
582 710 685 769 eadem
708 713 850 787 leguntur
874 711 953 787 apud
976 708 1203 785 Apollodorum:
1277 745 1281 754 ·

311 802 402 861 schol.
427 797 449 860 Κ
474 803 537 860 334
562 799 676 858 ADLd
956 798 1093 874 Apollod.
1116 797 1132 856 Ι
1157 801 1184 872 9,
1209 799 1227 857 8

272 886 365 964 Τυρὼ
380 885 759 963 γὰρὴίαλμωνέωςγεν-
832 884 926 962 Τυρὼ
958 885 994 946 δέ
1024 884 1043 961 ἡ
1072 883 1269 961 (αλμωνέως
1302 882 1401 959 θυγά-
1490 932 1494 934 .
1540 855 1541 862 ¹

228 976 345 1054 νήςαςα
369 974 428 1037 δύο
452 977 570 1037 παῖδας
593 973 628 1036 ἐκ
645 974 759 1037 Ποςει-
789 995 846 1052 τηρ
876 974 927 1036 καὶ
960 970 1133 1050 Ἀλκιδίκης
1166 971 1253 1050 παρὰ
1287 972 1402 1050 Κρηθεῖ

227 1067 331 1127 δῶνος
351 1062 438 1141 παρὰ
451 1065 519 1126 rol(
534 1060 684 1125 Ἐνιπέως
702 1065 761 1125 τοῦ
788 1063 971 1142 τρεφομένη
1004 1059 1108 1139 έρωτα
1139 1058 1218 1138 ίςχει
1251 1058 1402 1124 Ἐνιπέως

229 1156 375 1230 ποταμοῦ
388 1150 523 1230 ῥείθροις
534 1153 691 1214 κατέλιπε.
703 1151 761 1214 τόν
789 1155 847 1216 τού
877 1153 1024 1228 ποταμοῦ
1048 1150 1098 1213 καὶ
1122 1151 1263 1227 ςυνεχῶς
1286 1149 1338 1213 ἐπὶ
1361 1149 1402 1212 τὰ

231 1242 289 1320 μέν
317 1239 377 1304 οὖν
407 1240 518 1319 ἕτερον
546 1239 633 1303 κύων
665 1237 760 1318 ἀφαι-
789 1240 906 1304 τούτου
943 1238 1053 1317 ῥεῖθρα
1095 1242 1239 1317 φοιτύιςα
1276 1238 1403 1302 τούτοις

229 1331 389 1408 ρεθέντων
427 1328 523 1407 αὐτῆς
555 1331 622 1392 τῶν
654 1327 762 1405 γόνων
790 1329 977 1408 έπενήχετο.
1017 1328 1184 1392 Ποςειδύιν
1199 1328 1234 1390 δὲ
1250 1325 1402 1391 εἰκαςθεὶς

230 1418 459 1498 [adverada]
470 1418 763 1495 παρέχουςαθηλήν
789 1417 909 1481 Ἐνιπεῖ
938 1415 1162 1493 ςυγκαιεκλίθη
1191 1415 1285 1500 αὐτῇ·
1317 1416 1336 1494 ἡ
1365 1417 1399 1479 δὲ

232 1505 362 1586 ἔτρεφε·
388 1507 455 1571 τὸν,
470 1507 505 1568 δὲ
530 1505 642 1584 ἕτερον
664 1505 763 1569 ἵππος
790 1507 967 1585 γεννήςαςα
990 1505 1096 1583 κρύφα
1115 1504 1265 1581 διδύμους
1284 1508 1402 1570 παῖδας

228 1596 308 1659 κατὰ
345 1595 383 1659 τό
417 1597 566 1672 μέτωπον
598 1593 761 1672 έπάτηςεν.
791 1594 954 1673 έκτίθηςιν.
991 1594 1180 1672 ἐκκειμένων
1195 1595 1230 1656 δὲ
1245 1597 1311 1657 τῶν
1332 1597 1401 1673 βρε-

228 1683 421 1748 έπελθόντες
440 1683 499 1748 οὖν
518 1683 549 1746 oi
563 1683 763 1763 ἱπποφορβοὶ
791 1688 866 1763 φῶν
883 1682 1056 1761 παριόντος
1075 1683 1284 1762 ἱπποφορβού
1303 1681 1402 1747 ἵππος

229 1772 419 1852 ἀνελόμενοί
438 1793 472 1836 τε
492 1771 532 1835 τὰ
551 1771 661 1835 παιδία
676 1771 762 1850 ἔτρε-
791 1773 845 1852 μία
860 1772 1090 1851 προςαψαμένη
1104 1777 1142 1854 τῇ
1163 1774 1243 1855 χηλῇ
1263 1773 1402 1849 θατέρου

230 1882 296 1941 φον
329 1862 379 1926 καὶ
414 1861 583 1940 ὠνόμαςαν
610 1861 668 1924 τόν
696 1862 762 1939 μέν,
791 1865 856 1926 τῶν
882 1864 1012 1940 βρεφῶν
1035 1859 1149 1924 πέλιόν
1173 1881 1200 1923 τι
1224 1864 1282 1924 τού
1306 1881 1400 1938 προς-

229 1951 299 2015 έπεὶ
337 1951 372 2014 ἐκ
415 1953 592 2028 ευνδρομῆς
631 1949 763 2027 αἵματος
791 1933 998 2028 ώπου’μέρος
1018 1948 1175 2027 έποίηςεν.
1212 1947 1286 2012 δδέ
1305 1948 1401 2013 ἱππο-

230 2039 402 2117 έπελιώθη,
426 2038 558 2116 Πελίαν,
572 2037 678 2102 τόνδ’
695 2039 761 2102 έτε-
791 2038 915 2118 φορβὸς
947 2037 1150 2116 ἀμφοτέρους
1183 2039 1258 2103 τοὺς
1285 2041 1402 2101 παῖδας

180 2138 182 2144 ’
232 2149 305 2207 ρον,
343 2127 413 2191 ἐπεὶ
445 2127 532 2191 κύων
562 2129 763 2206 κατηλέηςεν,
791 2125 986 2205 ἀνελόμενος
1023 2125 1140 2205 ἔθρεψε
1172 2128 1223 2190 καὶ
1253 2127 1311 2190 τὸν
1343 2127 1401 2204 μὲν

233 2218 347 2296 Νηλέα.
472 2263 475 2268 -
791 2217 990 2280 πελιωθέντα
1016 2214 1140 2280 Πελίαν
1168 2214 1310 2294 έκὰλεςε,
1342 2215 1401 2279 τόν

792 2307 828 2369 δὲ
852 2305 964 2383 ἕτερον
989 2305 1103 2383 Νηλέα.

320 2399 402 2457 Haec
428 2416 524 2473 neque
549 2417 640 2454 unum
668 2415 704 2455 ex
731 2398 827 2457 altero
855 2417 921 2458 esse
944 2398 1094 2474 descripta
1123 2399 1155 2456 et
1184 2397 1264 2456 inter
1293 2415 1324 2456 se
1355 2415 1401 2455 co-

229 2491 321 2565 gnata
341 2506 405 2546 esse
424 2485 603 2546 concedatur
620 2504 741 2544 necesse
765 2490 831 2546 est:¹
851 2487 962 2547 scholio
986 2487 1119 2562 Neptuni
1141 2489 1172 2544 et
1196 2486 1293 2561 Tyrus
1317 2503 1402 2544 amor

229 2577 362 2637 breviter
371 2575 539 2652 attingitur,
550 2575 619 2650 quia
631 2578 756 2651 propter
769 2577 867 2655 locum
877 2575 1068 2635 Homericum
1083 2575 1160 2635 ratio
1168 2573 1401 2649 veriloquiorum

231 2664 469 2741 exponendorum
493 2663 630 2722 habenda
653 2667 731 2740 erat;
765 2669 923 2741 praeterea
945 2666 1033 2741 plura
1057 2685 1093 2724 ex
1115 2663 1241 2724 historia
1271 2663 1403 2724 fabulari

231 2757 352 2815 servata
362 2757 431 2812 sunt
441 2772 531 2829 quam
541 2753 620 2827 apud
630 2753 853 2828 Apollodorum.
869 2753 966 2824 Quid?
981 2753 1208 2813 Demonstravit
1220 2753 1370 2812 Robertus
1380 2746 1403 2831 ¹)

230 2843 454 2918 bibliothecam,
485 2860 561 2918 quae
591 2842 689 2900 fertur
719 2843 910 2919 Apollodori,
941 2843 1147 2918 compendium
1171 2861 1236 2902 esse
1260 2841 1402 2902 historiae

231 2931 376 2992 fabuleris
409 2931 440 2989 in
472 2930 535 2989 ludi
561 2931 774 3007 magistrorum
801 2950 889 2991 usum
915 2932 1116 3008 conscriptum
1143 2949 1239 3007 neque
1273 2950 1309 2990 ex
1337 2930 1403 3008 ipsa

232 3021 496 3098 grammaticorum
515 3019 784 3080 Alexandrinorum
803 3021 958 3096 disciplina
980 3021 1160 3097 profectum,
1171 3062 1173 3066 -
1185 3021 1237 3080 sed
1261 3020 1402 3078 inferiore

230 3112 330 3171 aetate
363 3112 475 3182 ortum,
508 3127 574 3169 cum
601 3109 752 3170 doctrinae
780 3110 915 3168 thesauri
943 3114 973 3169 et
1001 3109 1103 3185 copiae
1136 3107 1302 3184 antiquitus
1331 3127 1399 3169 con·

230 3200 326 3258 lectae
355 3201 385 3258 et
399 3196 541 3257 traditae
574 3198 699 3257 saeculis
729 3198 943 3258 indoctioribus
974 3199 1083 3256 molem
1118 3215 1206 3272 aegre
1234 3197 1401 3258 ferentibus

232 3288 326 3365 magis
358 3286 513 3363 magisque
541 3286 695 3363 compendi
729 3287 842 3346 fierent.
888 3287 982 3362 Atqui
1013 3285 1092 3345 inter
1124 3285 1338 3347 bibliothecam
1373 3290 1404 3346 et

231 3372 367 3451 ίςτορίας
391 3376 520 3452 aliquam
544 3376 727 3436 intercedere
749 3375 998 3436 necessitudinem
1021 3377 1052 3434 et
1075 3375 1226 3434 Robertus
1254 3375 1403 3436 intellexit

232 3469 263 3526 et
286 3465 414 3542 plurima
438 3465 614 3524 documenta
638 3468 715 3525 sunt.
762 3464 954 3542 Comparavit
971 3464 1023 3522 ille
1042 3458 1179 3538 ἱςτορίας
1198 3466 1288 3524 schol.
1309 3462 1316 3525 Ι
1338 3466 1400 3523 557

233 3558 264 3615 ct
279 3551 305 3614 Ω
321 3557 398 3627 602,
414 3553 521 3630 quibus
540 3553 708 3629 subscripta
727 3557 797 3614 sunt
810 3550 913 3614 οὕτως
932 3551 978 3628 δὴ
991 3549 1163 3628 (ιμωνίδης
1181 3551 1240 3629 τὴν
1263 3549 1402 3627 ἱςτορίαν

233 3638 465 3718 περιείργαςται
489 3639 557 3717 eti]
581 3639 700 3716 lcropic
724 3639 811 3717 παρὰ
834 3639 1023 3718 Εύφορίωνι,
1047 3660 1114 3701 oum
1134 3642 1309 3718 Apollodori
1331 3661 1400 3705 nar-

231 3733 398 3791 rationibus
424 3729 453 3808 [Ι
478 3735 509 3807 7,
537 3733 566 3792 8.
591 3735 619 3792 9.
646 3733 692 3789 III
716 3734 749 3807 5,
775 3730 818 3808 6].
863 3733 959 3791 Erant
989 3731 1125 3791 addenda
1155 3732 1256 3790 scholl.
1289 3728 1311 3790 Β
1336 3732 1399 3790 547

233 3817 363 3898 [ἱςτορεῑ
397 3816 595 3895 Καλλίμαχος
629 3817 665 3880 έν
694 3816 821 3899 Ἑκάλη]
854 3821 889 3881 ol.
922 3840 989 3880 oum
1007 3820 1145 3897 Apollod.
1169 3820 1216 3879 III
1242 3823 1294 3894 14,
1325 3821 1399 3878 tot

232 3911 323 3972 schol.
356 3907 470 3970 3325
507 3906 539 3985 [ἡ
562 3904 691 3984 ίςτορία
723 3903 802 3984 παρ’
834 3905 983 3988 Εὐριπίδῃ
1016 3906 1052 3969 ἐν
1086 3904 1233 3983 Βάκχαις]
1266 3907 1301 3967 ol.
1335 3925 1402 3970 oum

233 3998 373 4075 Apollod.
395 3997 441 4056 ΙΙΙ
465 4000 494 4074 4,
519 4001 547 4059 3.

320 4087 416 4146 Huius
457 4091 559 4146 tamen
596 4106 756 4146 consensus
794 4105 901 4147 causae
940 4086 1128 4163 rationesque
1171 4104 1231 4144 non
1271 4089 1398 4161 possunt

232 4177 372 4254 cognosci
408 4180 568 4253 antequam
601 4177 637 4236 de
671 4177 922 4253 subscriptionum
954 4177 1068 4254 origine
1100 4179 1189 4251 atque
1222 4174 1402 4233 auctoritate

232 4270 349 4326 certum
375 4265 516 4324 iudicium
543 4266 638 4325 latum
666 4267 714 4325 sit.
759 4266 804 4325 De
832 4267 972 4326 hisvero
1001 4283 1074 4343 quas
1103 4283 1193 4340 supra
1215 4264 1295 4324 movi
1319 4264 1402 4323 dubi-

224 4455 228 4464 '
308 4454 327 4528 ¹)
345 4453 387 4510 De
406 4451 574 4527 Apollodori
591 4452 766 4508 bibliotheca
784 4453 850 4509 diss.
870 4451 961 4510 Berol.
983 4459 1060 4510 1873.
