3086 5124
210 255 276 324 418
637 259 783 316 Eduardus
803 261 957 318 Schwartar

212 423 351 503 Ἑλένην.
397 423 562 504 ἡίετορία
588 425 676 504 παρὰ
699 423 899 509 Ἀκουειλάιρ.
944 431 1078 508 Enipea
1100 431 1205 492 fabula
1228 432 1385 510 exponitur

211 536 303 594 quam
316 518 530 595 grammaticus
544 518 656 578 reiecit.
675 518 785 579 Vtrum
800 519 945 580 scholium
958 521 1140 581 iudicabitur
1149 521 1300 598 antiquius
1310 539 1383 596 esse,

211 606 286 666 illud
313 607 393 682 quod
420 626 488 667 cum
514 611 622 686 poetae
645 608 745 669 verbis
773 611 838 668 arte
866 609 1005 670 cohaeret
1031 611 1193 686 pluresque
1221 611 1384 672 sententias

212 715 228 754 e
251 695 405 756 doctrinae
431 696 553 756 minime
576 697 708 774 volgaris
736 697 827 774 copiis
857 702 959 758 erutas
981 698 1068 759 docte
1091 702 1247 776 comparat
1268 719 1308 759 en
1330 699 1386 758 hoe

211 784 290 862 quod
311 803 350 845 ne
372 803 431 845 uno
455 785 575 863 quidem
593 787 685 846 verbo
704 787 742 846 ad
761 787 928 847 Homerum
946 788 1068 865 respicit
1091 791 1122 848 et
1145 787 1277 849 studium
1301 788 1384 848 scho-

211 873 351 934 lasticum
382 875 484 952 prodit
510 875 641 935 fabellae
674 875 798 936 alieuius
827 877 889 938 sive
918 877 1023 958 doctae
1051 877 1113 938 sire
1136 878 1268 956 volgaris
1291 877 1386 955 polita

211 963 345 1024 oratione
360 963 564 1025 enarrandae?
593 964 671 1024 Sane
686 967 717 1025 et
730 966 849 1043 longius
862 969 909 1026 est
924 969 955 1026 et
969 967 1090 1044 clarius;
1115 967 1167 1027 sed
1179 967 1257 1026 hunc
1270 985 1385 1026 morem

211 1052 304 1114 fuisse
337 1053 566 1115 scholiastarum
602 1057 637 1114 ut
672 1055 894 1116 narrationibus
926 1057 1056 1116 multum
1088 1055 1232 1133 temporis
1263 1055 1385 1116 chartae

211 1160 319 1218 operae
346 1142 565 1220 impenderent,
594 1143 696 1204 doctas
724 1143 932 1206 adnotationes
955 1147 1092 1206 veterum
1119 1147 1276 1206 auctorum
1303 1146 1384 1204 locos

211 1231 311 1291 omnia
338 1250 414 1308 quae
437 1232 591 1293 recondita
614 1235 645 1293 et
668 1234 794 1294 obscura
816 1233 997 1310 viderentur,
1020 1229 1299 1310 praetermitterent
1321 1233 1384 1293 abi·

212 1323 314 1381 cerent
332 1320 507 1398 reviderent,
526 1340 644 1399 semper
663 1321 767 1398 opinor
785 1323 915 1387 elucebit
933 1321 958 1381 ri
976 1322 1042 1399 quis
1065 1323 1121 1383 hoe
1139 1323 1189 1387 vel
1206 1323 1282 1385 illud
1301 1324 1382 1382 scho-

211 1409 320 1469 liorum
343 1429 449 1488 corpus
476 1411 714 1487 perlustraverit.
761 1411 864 1488 Neque
892 1411 1113 1473 narrationibus
1141 1415 1256 1474 scatere
1282 1412 1383 1491 negle-

211 1499 342 1577 gendum
374 1504 422 1561 cst
453 1519 555 1561 omnes
587 1500 715 1576 codices,
750 1500 838 1562 docta
869 1500 923 1564 illa
951 1501 1063 1562 scholia
1092 1500 1155 1560 fere
1187 1500 1254 1562 unis
1286 1499 1384 1562 inesse

211 1588 414 1666 'l'ownleyano
438 1593 469 1650 et
492 1588 664 1650 Victoriano
687 1589 836 1651 codicibus
860 1589 989 1666 optimis.

300 1677 375 1739 Cum
385 1678 475 1738 Peleo
485 1678 634 1740 infelicem
650 1682 680 1739 et
688 1679 889 1749 miserabilem
899 1679 1033 1738 evenisse
1044 1681 1229 1742 senectutem
1239 1678 1385 1758 Sophocle

211 1767 376 1830 clarissimo
392 1771 470 1828 teste
484 1768 616 1846 volgaris
630 1769 734 1829 fabula
753 1771 832 1831 esset
851 1787 943 1846 eaque
963 1768 1000 1830 de
1019 1787 1109 1832 eausa
1127 1767 1207 1848 apud
1221 1768 1385 1836 Homerum

211 1855 249 1916 de
272 1856 367 1932 patris
391 1856 550 1934 solitudine
573 1857 706 1918 Achilles
730 1857 816 1934 queri
838 1861 1005 1936 putaretur,
1029 1858 1147 1935 quaerit
1168 1857 1383 1936 ρτρτοιυαίίαυο

211 1945 358 2022 quomedo
373 1945 438 2008 fieri
450 1947 584 2024 potuerit
597 1949 632 2006 ut
650 1966 751 2006 rerum
769 1947 801 2004 in
815 1946 940 2006 Graecia
958 1950 1114 2025 gestarum
1131 1947 1213 2010 fama
1230 1946 1261 2009 ia
1280 1947 1385 2008 Asiam

212 2035 389 2111 pervenerit.
427 2029 554 2095 Dubitat
568 2037 670 2094 tamen
684 2053 738 2094 suo
752 2054 834 2095 more
849 2035 1033 2095 noviciorum
1046 2036 1165 2095 fabulas
1179 2035 1384 2104 ianmerum

210 2123 321 2184 inferre
346 2121 378 2200 [ἢ
403 2118 641 2200 οἰκτιζόμενοε];

345 2213 435 2274 schol.
464 2208 490 2273 Ω
519 2215 583 2274 488
607 2212 635 2270 V
662 2211 682 2289 ἢ
711 2207 798 2288 παρὰ
828 2212 895 2275 τῶν
923 2207 1119 2288 Εὐρωπαίων
1151 2211 1248 2280 τοῦτο
1265 2206 1384 2286 ’μαθών

346 2317 442 2380 φηειν
464 2299 484 2377 ἢ
509 2296 731 2378 οἰκτιζόμεναι.
773 2299 859 2375 λέγει
883 2299 918 2364 δέ
941 2295 1097 2364 Ἄκυετον
1120 2297 1172 2362 καί
1194 2297 1270 2367 rosc
1293 2297 1382 2362 υίοὺε

346 2386 547 2466 Ἄρχανδρον
562 2387 613 2452 καί
628 2384 875 2472 ’Apx1<rttn>.¹)
911 2386 987 2451 leuc
1002 2388 1037 2451 δὲ
1052 2386 1140 2466 παρὰ
1157 2384 1385 2474 Ἀετεροπαίου

347 2477 501 2541 πέπυεται
525 2476 637 2540 νεωετὶ
656 2475 791 2555 ἥκοντοε
810 2476 845 2541 ἐκ
867 2474 1039 2556 Παιονίαε,
1072 2475 1139 2556 ἥτιε
1164 2475 1227 2545 ἐετὶ
1250 2475 1385 2554 πληείον

348 2564 520 2630 Θεεταλίαε
544 2567 581 2645 [Ρ
606 2567 695 2647 360].

299 2657 461 2718 Descendit
479 2659 517 2718 ad
535 2659 632 2736 ipsam
646 2659 808 2721 verborum
825 2658 1105 2738 interpretationem
1123 2656 1269 2726 fabularis
1283 2660 1386 2724 tamen

210 2746 353 2808 historiae
372 2747 543 2808 doctissime
562 2748 667 2808 habita
684 2749 810 2823 ratione,
829 2751 864 2808 ut
887 2747 1084 2811 extricarctur
1101 2766 1178 2828 quae
1200 2746 1386 2811 intercedere

210 2835 371 2899 videbatur
393 2837 592 2914 discrepantia
614 2838 694 2898 inter
716 2857 759 2898 vs.
783 2833 812 2897 Ξ
837 2839 898 2898 201
912 2856 968 2913 sq.:

394 2937 549 3006 Ὠκεανόν
572 2960 606 3004 τε
631 2943 715 3006 θεῶν
738 2939 861 3017 γένεειν
885 2940 936 3005 καί
959 2940 1079 3019 μητέρα
1101 2939 1208 3017 Τηθὺν

393 3029 426 3094 οἵ
448 3026 483 3108 μ’
506 3029 541 3094 ἐν
566 3025 671 3109 caeru
694 3028 835 3108 δόμοιειν
858 3029 894 3094 ἐὺ
918 3030 1040 3109 τρέφον
1063 3025 1113 3106 ἠδ’
1136 3025 1308 3094 ἀτίταλλον

393 3117 558 3196 δεξάμενοι
580 3118 683 3198 Ῥείη(
706 3117 762 3184 ὅτε
784 3138 820 3182 τε
845 3116 969 3198 Κρόνον
993 3117 1136 3198 εὐρύοπα
1159 3117 1242 3181 Ζεὺε

393 3207 484 3285 γαίη(
508 3208 602 3286 νέρθε
624 3211 748 3276 καθεῑεε
772 3207 823 3273 καὶ
846 3206 1033 3287 ἀτρυγέτοιο
1057 3203 1213 3284 θαλάεεηε

215 3323 246 3379 et
269 3339 312 3381 vs.
337 3321 470 3396 29bsq.:

395 3419 467 3486 οἷον
491 3418 546 3486 ὅτε
570 3420 701 3501 πρῶτόν
724 3443 785 3501 περ
808 3421 991 3505 ἐμιεγέεθην
1014 3416 1162 3500 φιλότητι

393 3509 437 3575 εἰε
461 3510 558 3590 εὐνὴν
581 3513 741 3591 φοιτῶντε
765 3510 881 3590 φίλουε
904 3511 1040 3588 λήθοντε
1062 3511 1187 3588 τοκῆαε.

345 3622 435 3684 schol.
460 3617 488 3684 Ξ
514 3623 576 3686 292
600 3621 629 3678 V
651 3619 703 3682 καὶ
726 3620 795 3684 urbe
819 3617 894 3697 φηελ
917 3613 998 3696 παρ’
1024 3612 1167 3700 Ὠκεανῷ
1190 3613 1290 3700 αὐτὴν
1313 3616 1383 3694 τρέ·

344 3714 458 3788 φεεθαι
492 3706 535 3786 [Ξ
568 3707 723 3787 201sq.];
761 3709 781 3786 ἢ
813 3707 851 3771 τὸ
885 3703 1065 3772 ἀτιτάλλειν
1098 3704 1158 3770 οὐκ
1189 3705 1225 3773 έκ
1255 3703 1382 3783 νηπίαε·

344 3796 420 3877 φηεί
442 3799 523 3873 γοῦν

524 3917 527 3926 ·
561 3900 679 3969 ἄταλλε
702 3904 737 3967 δὲ
761 3899 850 3983 κήτε’
872 3900 930 3967 ὑπ’
954 3901 1066 3967 αὐτοῦ·
1086 3902 1127 3984 [Ν
1153 3901 1209 3981 2⁷]

346 4011 429 4076 ἀλλὰ
451 4013 489 4075 τὸ
512 4011 670 4089 έπιμελῶε
693 4011 826 4090 τρέφειν
849 4010 924 4090 φηεί
949 4011 984 4091 [Ε
1004 4012 1097 4091 θ71]·

416 4119 492 4184 τοὺε
511 4119 569 4196 μὲν
588 4118 738 4196 τέεεαραε
758 4115 855 4182 αὐτὸ(
874 4115 960 4195 ἔχων
979 4111 1124 4181 ἀτίταλλ’
1142 4114 1195 4179 ἐπὶ
1212 4112 1329 4198 φάτνῃ.

346 4224 448 4304 λάθρα
472 4224 530 4288 οὖν
554 4223 645 4304 ἐμίγη
673 4245 723 4285 *e
750 4222 805 4289 ὅτε
833 4225 870 4288 δὲ
893 4221 1099 4302 ἐταρταραίθη
1126 4219 1145 4286 ὁ
1174 4219 1309 4301 Κρόνος,
1335 4220 1382 4288 abc

345 4315 505 4394 παρθένοι
541 4313 765 4394 ὑπονοουμένη
803 4312 934 4391 ἐξεδόθη
967 4311 1022 4376 Διί
1053 4309 1141 4389 παρὰ
1172 4310 1297 4390 Τηθύοε
1330 4311 1382 4375 καὶ

198 4491 202 4500 »
289 4454 309 4525 ¹)
327 4451 497 4508 Emendavit
511 4452 644 4509 Weleker
658 4469 692 4508 er
709 4452 796 4508 schol.
812 4452 876 4506 Eur.
891 4450 992 4506 Troud.
1009 4455 1077 4505 112⁸
1094 4448 1187 4522 [ng.
1202 4467 1229 4520 p.
1244 4449 1382 4520 tebni}
